3244 4996
760 358 966 419 „38,..

319 589 322 595 .
403 539 474 602 Non
502 539 580 602 nulli
607 559 716 603 versus
744 539 857 604 similia
883 539 1046 624 praebent,
1075 561 1157 625 quae
1186 541 1342 626 pertinent
1369 539 1408 604 ad
1462 579 1463 582 =

320 639 486 704 sacrificia:

368 787 395 852 6)
420 791 486 844 Aen.
504 791 543 842 IV
560 788 608 844 63:
1000 791 1185 859 pecudumque
1203 791 1355 844 reclusis

650 873 804 928 Pectoribus
821 874 926 927 inhians
948 875 1127 942 spirantia
1150 875 1307 928 consulit
1330 879 1410 928 exta

420 957 465 1011 Sil.
483 959 497 1010 Ι
514 955 577 1012 12οε
998 958 1149 1025 raptimque
1167 957 1322 1010 recludit

555 1099 556 1104 η
648 1042 838 1109 spirantes
856 1045 929 1093 artus
946 1056 1057 1108 poscens
1074 1055 1200 1107 responsa
1217 1041 1339 1093 sacerdos

650 1108 690 1177 A'c
707 1125 853 1192 fugientem
871 1125 988 1176 animam
1003 1125 1151 1191 properatis
1168 1124 1310 1175 consulit
1328 1126 1412 1177 extis

369 1205 395 1269 7)
420 1207 487 1260 Aen.
499 1206 567 1258 VIII
583 1205 630 1260 84:
648 1208 735 1267 Quam
747 1207 806 1274 pius
818 1207 923 1260 Aeneas
936 1207 998 1258 tibi
1014 1207 1108 1271 enim,
1121 1207 1194 1271 tibi,
1206 1208 1322 1260 maxima
1331 1208 1412 1272 Iuno,

650 1290 782 1342 Mactat
803 1307 904 1343 saera
920 1291 1008 1344 ferens

421 1373 466 1425 eir.
484 1371 553 1424 XIII
571 1370 633 1426 136:
654 1373 800 1437 linotet,
818 1373 888 1439 diva,
905 1373 1056 1426 tibitibi
1073 1373 1246 1426 enimhaee
1263 1367 1413 1441 gratissima

1245 1473 1347 1510 sacra

370 1537 397 1602 8)
421 1541 489 1608 Aen.
506 1539 546 1590 VI
563 1536 626 1591 258:
655 1540 796 1604 Procul,
814 1556 838 1604 0,
855 1541 980 1608 procul
997 1544 1051 1592 este
1068 1539 1210 1607 profani

421 1623 466 1676 Sil.
486 1622 567 1674 XVII
584 1619 631 1676 28:
652 1623 685 1675 Et
709 1625 834 1692 procul
856 1624 927 1688 hinc,
954 1639 1057 1688 moneo,
1085 1625 1209 1690 procul
1236 1624 1307 1687 hino,
1332 1640 1413 1690 quae-

1045 1723 1158 1774 cumque
1176 1709 1347 1775 profanae

322 1839 412 1916 Quae
436 1840 532 1904 verba
554 1839 647 1906 Silius
669 1861 731 1904 non
751 1841 784 1903 in
806 1839 1008 1904 sacrificando
1029 1846 1168 1926 usurpat.
1246 1877 1250 1884 ·

655 2005 786 2069 Praeter
807 2027 846 2070 ea
868 2004 1082 2070 conferantur:

404 2146 483 2239 Aen.
489 2145 537 2208 IV
550 2147 608 2234 247
621 2145 908 2210 ff.-Sil.1202ff.
936 2145 1014 2210 Aen.
1025 2146 1091 2209 VII
1100 2149 1163 2236 Ι759
1174 2185 1215 2194 -
1225 2147 1334 2211 SiIIlI
1345 2151 1414 2212 346.
1469 2193 1471 2198 -

322 2248 401 2311 Aen.
423 2245 489 2309 VH
501 2249 560 2309 762
582 2283 623 2292 -
645 2245 698 2309 Sil.
712 2247 762 2309 HI
784 2249 853 2310 369.
886 2247 966 2310 Aen.
987 2245 1068 2309 VHI
1079 2249 1138 2310 417
1161 2285 1202 2294 -
1224 2247 1277 2312 Sil.
1291 2248 1354 2312 XV
1366 2252 1414 2314 56,

322 2354 354 2412 et
375 2347 507 2410 fortasse
529 2345 608 2410 Aen.
630 2347 724 2410 1423
745 2383 786 2392 -
810 2346 863 2410 Sil.
884 2346 917 2410 Π
931 2348 1002 2410 407.
1033 2346 1112 2411 Aen.
1133 2347 1166 2411 II
1190 2350 1415 2416 162-1671-

250 2471 253 2478 ’
323 2447 376 2511 Sil.
398 2446 480 2510 XIII
501 2448 633 2510 41—50.

405 2548 436 2628 9)
457 2547 631 2612 Hannibali
655 2547 737 2611 curis
762 2553 887 2629 vexato,
917 2547 1000 2630 quod
1026 2547 1165 2612 aFabio
1195 2548 1346 2614 dictatore
1375 2551 1415 2614 ab

322 2648 446 2734 incepto
460 2647 610 2731 depulsus
625 2654 700 2728 erat,
715 2648 854 2713 animum
869 2643 986 2712 addere
1001 2648 1084 2713 Iuno
1099 2648 1225 2714 Annam
1239 2651 1416 2715 Perennem

323 2749 418 2812 iubet.
460 2750 531 2824 Qua
559 2770 594 2813 re
621 2749 774 2812 adductus
802 2749 896 2812 Silius
924 2769 980 2834 per
1007 2755 1130 2834 partem
1157 2750 1229 2813 libri
1249 2751 1330 2814 VIII
1355 2773 1416 2816 non

324 2849 473 2932 exiguam
495 2855 611 2931 narrat,
634 2869 696 2932 quo
718 2849 949 2913 madefactum
971 2850 1019 2931 sit,
1041 2857 1076 2913 ut
1096 2849 1190 2914 Anna
1211 2852 1354 2933 quamvis
1376 2873 1416 2916 ex

322 2950 499 3031 Poenorum
529 2955 623 3033 gente
649 2956 717 3014 orta
744 2955 836 3029 esset,
865 2949 949 3035 apud
977 2950 1135 3014 Romanos
1163 2951 1223 3014 dea
1248 2951 1417 3016 haberetur

324 3056 355 3114 et
392 3051 552 3115 coleretur.
605 3049 759 3114 Auctores
794 3050 855 3115 hae
890 3051 923 3113 in
958 3050 1164 3135 descriptione
1200 3058 1325 3117 secutus
1360 3060 1417 3135 est,

323 3149 470 3213 Ovidium
504 3148 590 3230 (fasti
624 3149 675 3225 ΠΙ
709 3151 769 3213 523
804 3149 848 3230 ff.)
869 3155 917 3213 ¹et
944 3150 1122 3233 Vergilium
1154 3149 1234 3231 (IV).
1288 3151 1338 3216 Dc
1372 3153 1418 3217 rei

324 3250 546 3335 compositione
574 3250 671 3314 verba
697 3249 775 3313 mihi
801 3250 943 3314 facienda
964 3272 1026 3314 non
1048 3258 1128 3332 sunt,
1150 3252 1224 3336 quia
1245 3253 1363 3336 pariter
1384 3274 1417 3316 se

322 3349 420 3414 habet
455 3350 539 3436 apud
570 3350 748 3435 Vergilium
783 3357 815 3415 et
851 3350 970 3434 Silium,
1007 3358 1227 3438 praeterquam
1268 3352 1350 3437 quod
1385 3354 1418 3417 in

323 3449 465 3516 Aeneide
494 3451 625 3515 Didonis
656 3449 789 3515 mortem
821 3457 915 3534 poeta
941 3455 1063 3531 narrat,
1099 3452 1131 3514 in
1162 3453 1288 3516 Punicis
1324 3458 1417 3536 poeta

324 3551 450 3615 Annam
460 3551 635 3615 Hannibali
652 3558 833 3617 narrantem
847 3552 947 3635 fingit.
967 3552 1041 3616 Jam
1059 3558 1281 3616 enumerentur
1294 3574 1415 3617 versus:

340 3775 343 3782 Ι
373 3708 400 3773 1)
425 3711 492 3762 Aen.
510 3711 550 3762 IV
567 3707 627 3764 646:
650 3711 810 3773 Conscendit
826 3711 970 3764 furibunda
987 3727 1065 3779 rogos
1083 3727 1225 3778 ensemque
1241 3712 1354 3765 recludit

646 3794 820 3856 Dardanium,
838 3811 891 3846 non
909 3795 957 3846 hos
975 3794 1125 3860 quaesitum
1142 3811 1237 3846 munus
1254 3796 1282 3846 in
1299 3811 1362 3846 usus

423 3877 469 3928 Sil
487 3876 555 3928 VIII
572 3875 619 3930 52:
646 3878 766 3930 Festinat
783 3877 927 3930 furibunda
945 3893 1047 3945 pyram.
1065 3877 1133 3930 Tum
1150 3879 1258 3946 corripit
1276 3895 1365 3931 ensem

647 3960 726 4012 Oerta
743 3960 824 4023 neeis,
841 3960 949 4028 profugi
966 3960 1065 4013 donum
1083 3962 1190 4015 exitiale
1207 3962 1297 4014 mariti

327 4101 380 4192 qui
402 4123 512 4168 versus
534 4102 619 4190 apud
641 4102 752 4167 Silium
774 4103 835 4168 alio
857 4103 924 4168 loeo
946 4103 1120 4168 invenitur:

481 4261 550 4319 VIII
567 4257 629 4320 150:
647 4262 744 4319 Essem
761 4263 891 4320 Dardanii
909 4263 1059 4334 quaesitum
1075 4263 1103 4318 in
1120 4264 1216 4332 pignus
1234 4263 1339 4318 amoris.
