3244 4996
615 377 854 456 ,-1r-

202 562 318 641 nullae,
346 561 402 624 ubi
423 560 462 626 de
483 559 599 623 relictis
621 581 641 622 a
667 580 700 622 se
722 559 849 641 cogitat,
871 557 1046 622 simillimae
1073 555 1157 638 apud
1179 563 1297 620 utrum-

202 682 263 746 que
285 667 410 746 poetam
432 660 647 724 inveniuntur:

252 796 319 847 Aen.
331 791 393 845 672:
411 793 481 854 Quid
499 809 593 847 manus
611 792 658 842 illa
675 792 770 854 virum,
789 791 835 857 qui
852 807 894 843 me
916 806 1050 857 meaque
1068 807 1155 842 arma
1173 791 1297 842 secuti?

317 903 320 908 ·
412 876 518 937 Quosne
537 872 634 938 (netas)
653 890 743 926 omnes
760 873 872 926 infanda
889 874 916 925 in
934 878 1018 925 morte
1036 875 1132 940 reliqui

413 960 446 1010 ut
465 975 535 1011 nunc
552 960 675 1027 palantes
693 957 770 1010 video
788 958 1014 1025 gemitumque
1032 951 1174 1010 cadentum

412 1043 567 1109 Accipio.

253 1128 297 1180 Sil.
315 1123 378 1178 562:
413 1142 611 1178 .....1nea
628 1125 730 1192 signa
747 1124 876 1186 secuti,

344 1225 347 1232 ’
412 1209 477 1270 Quis
494 1225 601 1277 pugnae
619 1208 768 1274 auspicium
785 1206 913 1269 dedimus,
931 1206 1086 1271 caeduntur,
1104 1210 1130 1259 et
1146 1207 1242 1258 absens

414 1291 561 1358 Accipio
579 1291 730 1358 gemitus
748 1304 879 1355 vocesque
896 1291 923 1340 et
939 1290 1021 1341 verba
1038 1292 1180 1342 uocantum
1248 1329 1252 1338 .

413 1374 601 1427 Hannibalem.

288 1489 432 1572 Denique
454 1494 486 1552 et
499 1486 661 1551 Hannibal
682 1491 713 1548 et
727 1484 851 1549 Turnus
865 1483 1069 1573 desperantes
1091 1487 1149 1550 sibi
1166 1493 1298 1550 mortem
1346 1565 1347 1570 ἵ

118 1630 124 1644 ·
204 1589 321 1653 illaturi
348 1595 429 1669 sunt,
456 1609 525 1652 cum
553 1587 637 1651 Juno
666 1586 748 1650 viros
774 1585 924 1651 miserata
952 1609 972 1650 a
1000 1587 1158 1673 proposito
1186 1582 1299 1651 retinet

204 1688 294 1770 (Aen.
317 1691 489 1754 680-686
510 1727 552 1736 -
573 1688 627 1752 Sil.
648 1687 730 1766 566).

288 1789 339 1852 Ex
359 1789 409 1852 his
431 1789 581 1870 versibus,
610 1809 687 1872 quos
716 1788 858 1872 congessi
887 1808 927 1851 ex
949 1786 1071 1851 duobus
1092 1787 1202 1871 poetis,
1224 1788 1300 1850 satis

207 1895 349 1952 constare
369 1889 447 1952 mihi
461 1889 594 1970 videtur,
608 1889 719 1952 Silium
740 1889 828 1952 nulla
850 1888 913 1950 alia
933 1908 967 1949 re
989 1885 1030 1950 ad
1050 1886 1132 1950 hano
1154 1907 1299 1950 scaenam

206 1988 440 2053 describendam
471 1988 640 2052 adductum
673 2009 741 2052 esse
770 2007 865 2070 quam
893 1988 959 2052 sola
990 1987 1133 2051 imitandi
1163 1986 1300 2051 libidine.

204 2088 316 2173 Itaque
345 2090 504 2174 superflua
534 2110 602 2154 esse
631 2095 716 2174 puto,
743 2108 824 2170 quae
847 2086 1052 2167 Cosaokius1)
1081 2087 1120 2150 de
1147 2087 1206 2150 hoo
1233 2088 1301 2150 loco
1347 2158 1349 2164 ,

194 2184 361 2270 disseruit,
389 2195 424 2252 ut
452 2210 564 2253 causas
592 2189 728 2270 afferret,
756 2187 870 2273 quibus
897 2196 1057 2274 permotus
1085 2187 1179 2251 Silius
1206 2187 1300 2251 fidem

206 2287 385 2351 historicam
422 2296 547 2353 secutus
582 2310 648 2366 non,
681 2294 772 2352 esset.
828 2288 964 2370 Etenim,
1000 2287 1110 2372 inquit,
1147 2289 1172 2350 si
1207 2287 1301 2351 Silius

207 2386 345 2472 Appiani
367 2387 506 2452 fontibus
528 2411 603 2452 usus
625 2394 716 2466 esset,
743 2386 934 2452 narrandum
962 2388 992 2452 ei
1013 2387 1102 2468 foret,
1128 2387 1301 2451 Hannibali

207 2507 278 2550 cum
306 2486 490 2551 Massinissa
519 2495 615 2570 atque
642 2488 786 2571 Scipione
815 2495 974 2553 certamen
1006 2488 1166 2570 singulare
1194 2487 1300 2552 fuisse.

206 2586 288 2651 Tum
323 2594 429 2652 autem
460 2609 594 2671 magnas
625 2588 658 2650 in
686 2586 889 2654 difficultates
916 2588 1104 2666 incurrisset,
1136 2586 1219 2672 quod
1247 2595 1302 2650 aut

206 2707 271 2750 rem
302 2686 333 2751 in
362 2687 464 2751 medio
491 2688 624 2772 relinqui
657 2694 824 2773 oporteret,
857 2688 911 2773 qui
938 2709 1065 2772 pugnae
1097 2688 1202 2752 exitus
1231 2709 1301 2751 cum

207 2786 358 2864 dignitate
394 2787 517 2851 illorum
554 2788 690 2851 virorum
726 2810 788 2852 non
823 2789 1012 2869 conveniret,
1050 2794 1105 2851 aut
1140 2786 1303 2850 Hannibal

208 2886 365 2950 necandus
392 2895 483 2967 esset,
509 2887 541 2950 id
567 2886 651 2969 quod
676 2895 784 2952 contra
809 2886 904 2951 fidem
931 2887 1110 2952 historicam
1137 2893 1303 2972 pugnaret.

291 3067 381 3132 Nunc
402 3070 442 3133 ad
464 3071 598 3154 alterum
615 3071 825 3156 episodiorum
840 3091 939 3155 genus
953 3092 1003 3135 me
1018 3078 1148 3145 vertam,
1169 3090 1302 3152 quorum

207 3174 427 3249 argumentum
464 3192 504 3234 ex
539 3172 690 3235 memoria
725 3193 831 3236 rerum
863 3178 1024 3254 gestarum
1056 3171 1230 3257 profectum
1263 3170 1303 3234 ad

206 3266 342 3351 Vergilii
373 3271 553 3362 exemplum
585 3271 769 3354 dispositum
790 3279 863 3356 Uest.
907 3271 1029 3346 Quibus
1057 3271 1088 3334 in
1117 3271 1192 3334 locis
1220 3270 1303 3354 quod

206 3366 324 3431 fructus
347 3391 387 3434 ex
409 3371 541 3435 lectione
564 3371 749 3435 Maroniana
771 3377 880 3456 captos
901 3370 932 3433 in
960 3392 1051 3434 suum
1078 3393 1171 3434 usum
1199 3371 1302 3451 vertit,

208 3468 462 3552 quotiescumque
494 3471 562 3535 fieri
589 3471 706 3557 potuit,
721 3471 797 3536 Silio
819 3471 969 3556 opprobio
991 3470 1128 3534 dandum
1151 3491 1213 3533 non
1235 3491 1303 3533 esse

168 3587 171 3594 ’
208 3573 292 3650 puto.
333 3569 417 3633 Nam
438 3571 497 3635 hoc
519 3571 602 3636 facto
628 3593 685 3635 neo
713 3571 807 3635 fidem
836 3571 1014 3634 historicam
1043 3571 1193 3655 neglexit,
1222 3592 1304 3654 quae

207 3667 306 3730 virtus
333 3669 400 3732 Silii
428 3671 567 3735 maxime
595 3671 626 3733 in
655 3673 835 3736 universum
862 3671 1022 3736 laudanda
1051 3678 1108 3751 est,
1136 3692 1193 3734 nco
1221 3669 1304 3732 male
1341 3739 1346 3750 ‚

208 3787 333 3831 carmen
357 3770 488 3833 ornavit.
531 3771 634 3845 Quam
663 3771 702 3834 ob
729 3793 796 3836 rem
818 3769 999 3850 sulzerus2)
1027 3793 1088 3835 non
1116 3772 1192 3834 setis
1219 3775 1304 3833 recte

207 3865 359 3931 disserere
374 3869 453 3931 mihi
467 3869 599 3951 videtur,
615 3892 685 3933 oum
701 3871 785 3952 dicit,
805 3871 926 3934 nullum
942 3870 1114 3956 episodium
1130 3892 1147 3934 e
1162 3870 1304 3952 Vergilio

206 3973 403 4053 assumptum
424 3976 489 4032 tam
511 3970 592 4034 bene
607 3969 791 4055 dispositum
807 3977 902 4055 atque
917 3971 1029 4034 idoneo
1044 3971 1111 4035 loco
1129 3970 1305 4034 adhibitum

208 4087 276 4130 esse
310 4088 404 4151 quam
438 4069 593 4153 permulta
625 4069 709 4154 apud
740 4070 925 4154 Vergilium.
968 4070 1051 4133 Nam
1084 4069 1232 4156 episodia‚
1266 4069 1305 4133 de

290 4224 311 4335 ζ)
331 4227 505 4286 Quaestiones
523 4228 647 4290 Silianae,
666 4228 742 4279 Halis
760 4224 833 4293 1844,
852 4244 876 4294 p.
894 4223 935 4279 43.

302 4307 311 4369 )
329 4325 355 4376 p.
374 4311 434 4361 vn.

1105 4374 1122 4427 2
