3244 4996
854 1217 901 1298 B.

416 1429 611 1494 Imitationes
632 1429 823 1512 singulorum
838 1429 987 1493 Aeneidis
1002 1450 1158 1510 versuum,
1174 1450 1251 1513 quas
1272 1429 1305 1490 in
1319 1430 1423 1493 discri-

334 1553 404 1595 men
426 1552 538 1594 vooare
559 1531 652 1594 huius
675 1529 787 1615 capitis
809 1536 865 1612 est,
887 1530 1037 1595 distribuo
1059 1530 1120 1593 tria
1141 1531 1174 1592 in
1195 1550 1319 1613 genera.

415 1631 535 1695 Versus
556 1631 649 1717 primi
670 1630 793 1713 generis
807 1651 869 1694 non
890 1637 956 1693 tarn
976 1631 1149 1694 imitatione
1165 1630 1305 1715 expressi
1327 1649 1423 1712 quam

334 1752 352 1794 e
373 1731 513 1814 Vergilio
534 1731 653 1814 recepti
674 1736 753 1794 sunt.

416 1830 593 1894 Secundum
625 1851 725 1913 genus
758 1831 955 1915 amplectitur
987 1851 1105 1912 versus,
1143 1851 1274 1915 quorum
1307 1836 1423 1912 auctor,

333 1931 475 2015 quamvis
498 1952 517 1994 a
545 1929 620 1994 Silio
650 1930 763 1993 variati
791 1935 872 2007 sunt,
893 1929 1054 2012 Vergilius
1081 1930 1185 2023 potius
1214 1950 1307 2014 quam
1329 1929 1423 1994 Silius

333 2031 442 2096 haberi
463 2030 565 2094 debet.

416 2130 520 2194 Tertio
552 2147 667 2212 genere
700 2130 873 2193 afferuntur
903 2130 971 2208 loci,
1008 2130 1060 2213 qui
1093 2129 1215 2193 etiamsi
1247 2130 1350 2193 minus
1381 2131 1421 2193 ab

332 2231 481 2310 Aeneide,
495 2251 590 2314 quam
607 2229 742 2314 primurn
761 2236 791 2293 et
811 2229 980 2293 secundum
1002 2250 1108 2309 genus,
1121 2229 1258 2313 pendere
1269 2229 1422 2309 videntur,

332 2338 448 2412 tamen,
464 2330 538 2415 quia
553 2330 578 2392 si
592 2351 653 2392 non
668 2330 843 2411 verborum,
863 2337 895 2392 at
913 2335 996 2392 certe
1011 2336 1042 2392 ct
1057 2329 1175 2392 formae
1191 2336 1222 2393 et
1244 2331 1421 2414 argumenti

333 2430 549 2494 similitudines
586 2429 746 2514 praebent,
784 2428 823 2492 ad
856 2429 988 2507 Vergilii
1024 2430 1205 2514 exemplum
1241 2429 1316 2495 facti
1353 2451 1420 2494 esse

332 2530 483 2594 videntur.

414 2631 484 2705 Qua
515 2632 635 2696 ratione
666 2631 699 2693 in
726 2631 824 2714 primo
856 2650 972 2712 genere
1000 2629 1094 2692 Silius
1125 2651 1200 2693 usus
1229 2630 1277 2710 sit,
1307 2651 1420 2712 operae

234 2752 236 2758 ¹
330 2731 466 2816 pretium
489 2738 535 2794 est
563 2732 670 2816 paucis
700 2751 865 2814 exponere.
907 2727 996 2792 Duas
1024 2749 1091 2793 esse
1121 2730 1229 2814 opinor
1257 2730 1420 2793 mutuandi

330 2831 475 2895 rationes.
525 2831 591 2894 Aut
631 2829 818 2895 transfertur
860 2829 1003 2892 alicunde
1044 2849 1162 2909 versus,
1208 2829 1261 2913 qui
1307 2829 1419 2893 leviter
1458 2893 1460 2896 ,

330 2931 498 2994 mutandus
528 2937 583 3011 cst,
613 2932 678 2994 sive
709 2930 790 3014 quod
817 2930 848 2992 in
877 2929 1063 2992 sententiam
1092 2929 1183 2992 aliter
1211 2937 1419 2994 constructam

329 3031 540 3115 transponitur
556 3032 621 3095 sive
636 3031 709 3115 quia
731 3029 880 3092 adoliam
902 3051 969 3092 rem
983 3028 1133 3110 refertum
1156 3035 1211 3091 aut
1234 3030 1273 3093 ad
1289 3030 1417 3094 verbum

232 3138 235 3143 ’
329 3151 438 3194 versus
463 3131 654 3195 describitur.
696 3129 884 3212 Vergiliana?
908 3129 1018 3211 prioris
1046 3129 1169 3211 generis
1197 3129 1281 3211 apud
1307 3131 1418 3193 Silium

328 3230 407 3294 haec
428 3232 641 3316 reperiuntur:

377 3379 403 3442 1)
428 3381 494 3434 Aen.
512 3382 551 3432 VI
569 3379 632 3433 102:
677 3381 750 3432 furor
768 3383 793 3432 et
810 3379 903 3431 rabida
921 3395 979 3431 ora
997 3379 1121 3446 quierunt

428 3464 473 3516 Sil.
490 3465 544 3515 VII
561 3462 624 3515 253:
674 3464 747 3515 furor
765 3467 790 3516 et
807 3463 901 3515 rabida
919 3480 1012 3514 aima
1031 3463 1153 3528 quierunt

376 3543 403 3609 2)
426 3547 493 3599 Aen.
511 3547 537 3598 X
554 3545 617 3600 390:
673 3548 728 3598 Vos
745 3547 825 3598 etiam
847 3546 946 3613 gemini
966 3545 1108 3595 Rutulis
1130 3543 1260 3595 cecidistis
1278 3545 1304 3594 in
1322 3546 1418 3614 agris

427 3629 472 3681 Sil.
490 3627 596 3681 11636:
674 3630 729 3680 Vos
747 3630 827 3681 etiarn
844 3629 954 3695 primo
972 3627 1071 3694 gemini
1088 3625 1218 3678 cecidistis
1236 3627 1263 3677 in
1282 3644 1368 3678 aevo

376 3710 402 3774 3)
426 3712 493 3765 Aen.
511 3713 579 3764 VIII
594 3710 658 3764 456:
676 3713 709 3763 Et
726 3712 850 3763 matutini
867 3712 1004 3762 volucrum
1022 3709 1082 3761 sub
1100 3711 1253 3762 culmine
1275 3715 1368 3762 cantus

426 3795 472 3849 Sil.
490 3794 556 3845 XIV
573 3791 620 3846 22:
672 3795 706 3845 Et
727 3795 870 3845 matutinos
893 3795 1031 3867 volucrum
1054 3794 1300 3846 transmittere
1325 3797 1418 3845 cantus

374 3875 401 3939 4)
426 3878 492 3931 Aen.
510 3875 602 3929 1198:
672 3894 796 3946 spargere
813 3893 915 3928 voces
933 3877 964 3927 In
982 3876 1122 3942 vulgum
1139 3877 1277 3944 ambIguas

425 3961 470 4012 Sil.
489 3960 542 4011 VII
559 3957 621 4012 264:
672 3977 796 4029 spargere
815 3976 939 4012 causus
956 3960 988 4010 In
1006 3963 1124 4011 castra
1141 3960 1280 4027 ambiguas

373 4041 400 4104 5)
425 4043 513 4112 (leorg
530 4044 572 4094 III
590 4039 651 4094 171:
671 4059 773 4095 summo
791 4043 902 4108 vestigia
920 4044 1027 4110 puluere
1046 4043 1186 4110 signent

425 4126 470 4178 sil.
488 4126 527 4176 IV
545 4122 607 4180 147:
672 4142 774 4177 summo
791 4126 903 4192 vestigia
920 4126 1028 4192 pulvere
1046 4127 1165 4193 signat

374 4206 400 4269 6)
425 4208 512 4276 Georg
530 4208 569 4258 IV
585 4204 648 4259 401:
672 4209 796 4260 medios
814 4223 874 4259 cum
892 4209 931 4259 sol
948 4208 1153 4261 accenderit
1171 4207 1280 4270 (aestus)

425 4291 470 4342 Sil.
488 4288 610 4343 111671:
672 4291 799 4342 medius
816 4308 877 4343 cum
895 4293 934 4342 sol
952 4292 1115 4343 accondIt
1133 4289 1298 4358 (Olympum)
