3244 4996
653 393 860 454 „27-

534 574 655 638 Deinde
671 596 724 639 eos
737 575 820 639 locos
834 573 1000 654 adnotabo,
1015 573 1047 634 in
1062 572 1184 657 quibus,
1199 579 1303 635 utrum

213 676 308 739 Silius
321 675 496 758 Vergilium
512 696 552 738 an
568 673 740 738 Homerum
756 680 829 738 ante
844 675 947 738 oculos
963 673 1119 754 habuerit,
1141 671 1303 736 diiudicari

173 793 176 800 ⁴
212 776 321 860 nequit
341 781 396 838 aut
416 774 472 838 ubi
491 780 658 859 utrumque
680 796 752 838 eum
774 781 915 838 secutum
937 795 1005 837 esse
1026 773 1091 836 veri
1118 772 1218 836 simile
1240 763 1301 836 est:
1408 833 1409 838 ,

295 875 318 938 Ι.
340 875 376 937 In
399 875 606 960 descriptione
629 874 721 960 clipei
741 874 931 938 Hannibalis
959 873 1105 958 exempla
1132 872 1244 936 habuit
1271 873 1302 935 in

211 974 291 1038 Aen.
312 960 392 1038 VIII
414 977 585 1038 626-728
608 981 639 1038 et
660 975 753 1038 Hom.
775 975 812 1039 Il.
834 975 947 1038 XVIII
969 969 1143 1054 428-617,
1170 993 1303 1057 quorum

211 1080 377 1159 utrumque
409 1076 512 1138 locum
545 1087 713 1160 usurpasse
745 1075 885 1155 videtur3
917 1075 953 1137 in
979 1074 1011 1137 II
1041 1075 1102 1137 449
1134 1073 1166 1135 in
1194 1072 1302 1157 primis

209 1175 247 1237 Il.
278 1197 306 1237 v.
339 1177 409 1247 478,
443 1175 497 1239 ubi
530 1175 644 1239 circum
678 1181 852 1242 extremam
883 1174 975 1259 clipei
1010 1195 1098 1238 oram
1132 1173 1301 1256 imaginem

209 1274 323 1338 Hiberi
343 1275 479 1339 fluminis
500 1275 606 1338 fictam
628 1291 696 1339 esse
717 1275 801 1339 dicit.

294 1376 336 1440 II.
359 1375 475 1439 Similis
497 1384 544 1439 est
564 1376 650 1440 locus
672 1374 740 1438 Silii
754 1375 819 1438 VII
833 1377 904 1455 429,
926 1374 982 1438 ubi
994 1374 1127 1438 Proteus
1145 1373 1301 1459 nymphis,

211 1493 291 1556 quae
323 1475 462 1540 adventu
493 1475 601 1539 classis
634 1474 902 1558 Carthaginiensis
937 1474 1121 1559 perterritae
1157 1473 1197 1537 ad
1229 1494 1301 1537 eum

210 1575 425 1659 confugerant,
446 1576 620 1638 vaticinans
642 1575 807 1638 inducitur.
850 1575 936 1638 Talis
964 1573 1002 1638 de
1023 1575 1137 1638 Proteo
1164 1574 1301 1638 narratio

209 1675 325 1757 legitur
353 1675 468 1759 Georg.
489 1675 536 1738 IV
559 1677 618 1740 387
642 1681 673 1738 et
694 1675 752 1738 Od.
773 1675 821 1738 IV
843 1677 913 1738 384.
955 1674 1107 1752 Ernestio,
1135 1673 1189 1758 qui
1217 1674 1307 1738 hunc*

208 1776 312 1839 locum
334 1797 351 1838 e
373 1775 514 1858 Vergilio
535 1775 645 1839 silium
667 1775 794 1860 petiisse
815 1781 914 1861 putat,
934 1775 1008 1857 quia
1029 1795 1137 1838 versus

258 1948 354 2018 Georg.
370 1947 432 2002 374:
451 1949 593 2017 pendentia
611 1951 715 2018 pumice
733 1955 802 2003 tecta

258 2031 303 2084 Sil.
321 2029 384 2085 419:
449 2035 586 2101 pumiceas
604 2033 678 2086 sedes

259 2114 354 2183 Georg.
369 2112 433 2168 418:
451 2133 545 2184 specus
562 2118 655 2185 ingens
673 2118 745 2169 exesi
762 2119 845 2169 latere
862 2118 889 2168 in
907 2118 1003 2168 montis

259 2197 304 2249 Sil.
321 2194 384 2250 419:
449 2200 476 2251 in
494 2204 570 2252 antro
589 2241 594 2251 .
614 2241 619 2251 .
639 2239 645 2251 .
662 2201 783 2268 abrupto.

209 2356 289 2420 inter
311 2377 344 2420 se
365 2356 582 2438 respondeant,
603 2358 788 2441 adstipulari
809 2379 870 2422 non
898 2379 1032 2443 possum.
1074 2357 1187 2441 Neque
1215 2357 1296 2420 enim

210 2477 247 2519 ea
268 2461 316 2518 est
343 2455 455 2518 horum
483 2477 628 2520 versuum
651 2458 821 2522 similitudo
840 2464 875 2521 ut
897 2479 938 2522 ex
959 2458 997 2521 iis
1025 2457 1165 2521 concludi
1192 2457 1297 2542 possit,

210 2576 249 2618 ex
270 2554 412 2638 Vergilio
434 2556 513 2620 haec
541 2578 560 2620 a
589 2557 663 2642 Silio
692 2579 840 2644 expressa
869 2579 945 2622 esse.
987 2557 1143 2643 Equidem
1170 2578 1236 2620 rem
1264 2557 1296 2619 in

207 2655 310 2718 medio
331 2655 507 2740 relinquere
527 2658 619 2721 malo.
704 2716 706 2720 .

290 2755 482 2820 Praeterea
508 2757 630 2821 silentio
657 2779 719 2822 non
748 2758 935 2843 praeteribO,
963 2763 998 2820 ut
1025 2757 1206 2836 aVergilio
1234 2757 1295 2820 alio

207 2856 275 2918 loco
296 2854 386 2934 (Aen.
407 2856 438 2920 X
460 2855 543 2938 225),
566 2857 609 2922 sic
630 2879 649 2920 a
671 2857 746 2921 Silio
768 2857 965 2942 Cymodocea
992 2856 1151 2942 nymphae
1171 2857 1295 2946 primas

207 2954 352 3036 loquendi
373 2961 478 3040 partes
499 2957 660 3040 assignari.

289 3054 348 3119 Ill.
383 3055 435 3119 Ad
470 3057 585 3122 inferos
621 3057 714 3122 Silius
749 3079 835 3122 more
878 3058 975 3143 epioe,
1018 3077 1112 3140 quem
1153 3058 1295 3142 plerique

206 3161 370 3240 poetarum
405 3163 587 3241 sequuntur,
616 3157 793 3243 Scipionem
813 3158 1052 3222 descendentem
1073 3157 1192 3221 inducit
1213 3157 1294 3220 XIII

103 3295 105 3298 -
207 3255 379 3320 ‹roo-sat.
418 3257 488 3331 Qua
510 3258 542 3319 in
563 3279 596 3320 re
618 3265 742 3342 praesto
765 3260 794 3323 ei
818 3264 906 3322 erant
927 3257 1149 3343 descriptiones
1163 3257 1293 3322 Homeri

206 3354 263 3418 Od.
284 3356 332 3419 XI
354 3363 385 3420 et
406 3357 540 3440 Vergilii
561 3357 608 3420 VI
630 3360 804 3422 264-901.
840 3359 981 3432 Quorum
1002 3364 1169 3441 utrumque
1186 3379 1292 3442 quarn·

205 3475 300 3539 quam
314 3463 458 3540 apertum
480 3463 527 3520 est
548 3478 620 3520 eum
641 3458 672 3520 in
687 3479 779 3521 usum
793 3479 931 3538 vocasse,
946 3459 1099 3523 tamenin
1114 3459 1293 3522 universum

205 3554 516 3620 animadvertendum
557 3565 613 3639 est,
656 3558 747 3621 aliter
794 3564 889 3643 atque
931 3558 1000 3622 illos
1043 3579 1114 3622 eum
1156 3559 1292 3622 locorum

203 3654 385 3719 inferiorum
407 3656 646 3743 descriptionem
672 3658 871 3743 disposuisse,
900 3666 931 3721 et
959 3659 1122 3744 permultis
1149 3659 1181 3722 in
1209 3659 1293 3741 locis,

205 3756 257 3839 qui
280 3755 405 3839 quidem
427 3756 467 3818 ad
488 3758 743 3843 compositionem
764 3759 951 3843 pertineant,
974 3760 1014 3823 ab
1036 3759 1096 3822 illis
1114 3759 1291 3841 abhorrere,

203 3863 238 3918 ut
259 3856 332 3919 solis
353 3855 491 3921 Homero
513 3863 544 3920 et
565 3858 707 3941 Vergilio
729 3859 907 3923 auctoribus
929 3881 1000 3923 eum
1020 3881 1112 3922 usum
1134 3880 1196 3922 non
1224 3881 1291 3924 esse

204 3961 364 4040 appareat.
407 3957 492 4031 Quos
520 3963 625 4021 autem
647 3959 822 4043 quibusque
844 3960 875 4022 in
897 3960 971 4030 loeis
993 3966 1118 4024 secutus
1139 3961 1179 4023 sit
1189 3960 1222 4039 ¹),
1250 3983 1290 4024 an

287 4210 305 4274 ¹)
323 4213 442 4278 Heynius
456 4214 536 4282 Verg.
552 4214 619 4265 VIII
636 4217 735 4284 cogitat
752 4217 784 4268 de
802 4218 921 4270 Platonis
938 4219 1087 4272 Phaedone.
1106 4246 1142 4288 -7
1155 4219 1290 4273 Ernestius

202 4296 236 4348 ad
253 4313 278 4348 v.
296 4294 344 4347 595
361 4298 461 4365 cogitat
478 4298 510 4350 de
528 4298 643 4352 Senecae
660 4299 739 4352 Herc.
756 4301 818 4352 Fur.
835 4298 892 4353 686.
