3244 4996
782 391 970 472 -4-'

329 595 386 675 est,
409 596 440 657 et
461 598 624 677 congestos
645 585 821 656 accuratius
848 612 905 678 per
930 592 1071 676 singulas
1096 595 1201 677 partes
1222 588 1418 678 comparabo,

328 714 410 778 quae
431 715 481 758 res
502 694 578 757 item
600 693 783 779 saepissime
804 693 949 776 neglecta
971 697 1027 756 est.

410 793 472 858 Sed
483 793 665 880 priusquam
681 793 721 857 ad
736 815 803 857 rem
814 793 1006 879 propositam
1021 789 1072 856 nie
1088 797 1219 874 vertam,
1235 791 1418 857 inanimum

327 892 536 957 revocandum
566 899 623 974 est,
657 893 688 955 in
718 912 796 976 quas
823 892 1024 956 difficultates
1055 891 1257 973 incurramus,
1285 893 1312 956 si
1339 914 1419 957 oom-

216 993 218 998 ’
327 993 467 1078 parando
494 993 684 1057 imitationes
710 993 744 1058 in
770 992 908 1057 medium
935 992 1075 1076 proferre
1095 993 1243 1074 velimus3
1270 991 1319 1056 his
1340 992 1419 1056 diffi-
1469 1044 1473 1049 ,

327 1093 495 1157 cultatibus
515 1081 687 1178 perspe‘otis
710 1115 819 1157 norma
840 1100 872 1157 et
893 1093 1005 1176 regula
1024 1092 1166 1178 paranda
1188 1099 1243 1173 est,
1263 1092 1305 1156 ad
1325 1112 1420 1175 quam

329 1193 544 1277 quaestionem
565 1214 670 1260 meam
691 1192 834 1278 dirigam.
1083 1278 1085 1282 y
1382 1185 1384 1190 ’

410 1292 477 1373 Si1)
499 1292 537 1357 de
558 1294 732 1358 imitatione
753 1293 918 1377 cogitatur,
944 1294 1090 1373 locorum,
1111 1291 1150 1356 de
1172 1292 1285 1374 quibus
1306 1293 1420 1377 agitur,

327 1399 547 1477 argumentum
570 1399 601 1457 et
628 1394 728 1458 fornia
756 1415 814 1479 par
842 1399 946 1458 exstet
966 1413 1093 1457 necesse
1109 1398 1175 1464 est.
1221 1393 1420 1479 Quamquam

326 1493 359 1556 in
385 1494 446 1556 hac
473 1514 517 1575 re,
544 1513 626 1576 quae
655 1494 790 1580 simplex
816 1493 949 1576 videtur,
978 1515 1039 1557 non
1066 1513 1183 1578 parvae
1210 1492 1421 1558 dubitationes

251 1583 255 1594 ’
327 1593 491 1656 exsistunt.
543 1593 685 1658 Primum
721 1594 804 1664 enim
840 1615 890 1658 res
922 1614 1094 1677 congruere
1125 1599 1264 1678 possunt,
1297 1593 1371 1675 quia
1402 1614 1420 1657 e

327 1693 484 1780 communi
511 1693 597 1758 fonte
624 1694 759 1758 haustae
788 1700 868 1774 sunt,
895 1693 940 1757 ita
968 1700 1004 1758 ut
1031 1692 1116 1776 apud
1143 1714 1251 1757 omues
1275 1692 1422 1779 deinceps

326 1799 437 1878 poetas
460 1793 507 1857 'ab
537 1793 761 1878 antiquissimis
789 1794 830 1857 ad
859 1793 1073 1858 recentissima
1101 1800 1242 1879 tempora
1269 1794 1423 1878 legantur.

326 1892 399 1958 Huc
420 1893 575 1979 inprimis
590 1895 756 1979 pertinent,
779 1913 861 1976 quae
883 1915 923 1958 ex
945 1892 1060 1957 fabulis
1075 1889 1206 1958 deorum'
1226 1893 1277 1957 vel
1291 1893 1421 1958 heroum

326 1992 511 2079 deprompta
533 2000 614 2057 sunt.
654 1993 693 2058 In
721 1994 834 2079 quibus
855 2000 921 2076 tam
942 1991 1069 2058 difficile
1097 1999 1144 2057 est
1166 1993 1334 2075 affirmare,
1361 1993 1420 2057 hoo

327 2099 382 2156 aut
402 2093 481 2157 illud
502 2115 521 2157 a
543 2101 636 2177 poeta
658 2094 795 2178 quodam
823 2094 862 2158 ad
888 2094 986 2157 alium
1006 2093 1175 2173 transiisse,
1203 2100 1239 2156 ut
1262 2093 1422 2157 rarissime

326 2193 458 2257 imitatio
485 2193 554 2277 ipsa
581 2195 680 2279 possit
708 2195 783 2276 erui,
811 2216 882 2259 raro
911 2194 1124 2280 probabilitas.
1167 2194 1237 2268 Quo
1263 2193 1354 2275 circa,
1379 2213 1420 2256 no

326 2314 457 2377 magnos
485 2293 517 2357 in
545 2315 665 2358 errores
693 2294 871 2375 inciderem,
898 2295 957 2358 hoo
983 2315 1083 2378 genus
1112 2293 1179 2358 fere
1207 2286 1297 2357 omisi
1318 2312 1420 2375 neque
1480 2343 1483 2348 .

283 2469 286 2488 Ι
326 2394 493 2477 quicquam
516 2394 616 2475 attuli,
638 2394 698 2457 nisi
720 2394 803 2475 quod
830 2395 881 2457 vel
901 2394 977 2480 ipsis
998 2393 1134 2477 Vergilii
1154 2393 1258 2458 verbis
1278 2393 1420 2480 repetitis

326 2493 377 2557 vel
398 2494 517 2557 formae
538 2494 658 2558 ratione
679 2493 885 2558 imitationem
908 2494 983 2558 satis
1004 2494 1157 2579 proderet.

383 2665 387 2676 Ι
409 2593 531 2658 Deinde
553 2594 669 2658 similes
689 2593 750 2658 loci
772 2598 906 2674 exstant,
927 2594 982 2676 qui
1009 2615 1070 2658 non
1092 2594 1131 2659 ab
1153 2594 1336 2676 imitatione,
1364 2591 1420 2656 sed

326 2693 366 2756 ab
395 2695 570 2773 argumenti
598 2700 712 2758 natura
744 2694 895 2773 originem
925 2699 1098 2758 traxenmt.
1149 2692 1201 2757 Ad
1233 2694 1292 2758 hoc
1322 2714 1419 2773 genus

325 2794 473 2875 permulti
499 2794 654 2868 referendi
683 2799 755 2859 sunt
782 2815 799 2858 c
827 2794 902 2858 locis
930 2794 1153 2876 communibus,
1180 2793 1235 2876 qui
1261 2800 1420 2858 vocantur.

326 2891 406 2956 (lum
434 2893 518 2957 enim
549 2895 689 2976 artificia,
719 2915 801 2979 quae
828 2902 941 2980 poetae
974 2895 1113 2958 maxime
1147 2894 1227 2978 epici
1260 2879 1420 2977 usurpant,

326 3013 449 3078 semper
477 2994 587 3058 eadem
615 2995 686 3078 sint,
715 3000 959 3060 consentaneum
988 3001 1043 3074 est,
1069 3015 1126 3080 pro
1161 3014 1259 3079 parvo
1291 3015 1420 3061 numero

324 3094 554 3179 propositarum
585 3117 688 3160 rerum
723 3101 755 3159 et
782 3095 937 3159 scribendi
964 3095 1138 3159 rationibus
1165 3093 1243 3158 duos
1277 3094 1310 3158 in
1336 3094 1419 3158 idem

249 3223 250 3227 ¹
324 3194 468 3258 incidere.
511 3195 582 3269 Qua
609 3217 643 3260 re
670 3196 703 3258 in
731 3195 956 3260 imitationibus
982 3195 1076 3258 huius
1103 3194 1188 3259 modi
1215 3217 1276 3260 non
1300 3201 1419 3258 temere

315 3294 402 3374 ¹mihi
429 3294 588 3378 agendum
618 3317 685 3360 esse
713 3296 833 3381 putavi,
861 3301 955 3380 atque
988 3295 1084 3359 etiam
1116 3317 1178 3359 non
1205 3294 1293 3358 nulla
1320 3291 1418 3374 omisi,

325 3387 407 3477 quae
443 3395 512 3459 aliis
551 3396 685 3460 fortasse
726 3396 898 3460 imitatione
938 3416 1089 3481 expressa
1123 3394 1276 3458 videntur.
1332 3392 1419 3456 Inter
1457 3430 1463 3442 ·

324 3495 514 3559 imitationes
548 3502 593 3577 ut,
628 3495 704 3582 quid
740 3497 883 3578 sentiam,
922 3496 1067 3579 exemplo
1102 3494 1321 3574 demonstrem,
1356 3513 1419 3556 non

307 3616 454 3660 ¹numero
475 3595 532 3660 hos
553 3617 678 3661 versus:

375 3745 443 3799 Aen.
460 3744 501 3797 IX
517 3741 581 3799 754:
600 3745 697 3800 Sternit
714 3746 789 3798 humi
806 3747 929 3810 moriens,
947 3748 1027 3811 atque
1045 3745 1086 3796 illi
1102 3745 1222 3812 partibus
1240 3744 1332 3811 aequis

598 3830 659 3882 Huc
677 3833 757 3897 caput
775 3832 855 3896 atque
872 3830 937 3881 illuc
954 3843 1046 3880 umero
1063 3843 1097 3880 ex
1114 3831 1227 3895 utroque
1244 3825 1377 3895 pependit.

375 3908 443 3975 Sil.²)
461 3911 500 3964 IV
517 3909 579 3964 238:
596 3953 621 3966 ..
636 3952 643 3965 .
660 3913 775 3964 frontem
792 3913 819 3963 in
836 3911 953 3963 mediam
970 3911 1058 3978 gravis
1076 3911 1168 3964 incidit
1185 3911 1254 3963 ensis
1311 3962 1315 3973 ,

467 3993 470 4000 ’
597 3996 631 4047 Et
648 3995 762 4048 divisum
779 3995 877 4047 umeris
893 3993 975 4047 iacuit
993 3997 1081 4061 caput.

326 4085 524 4094 -Μ

408 4149 428 4215 ¹)
447 4169 515 4220 quae
539 4156 693 4219 sequuntur,
718 4152 783 4221 petii
807 4169 841 4204 ex
865 4149 951 4203 indice
969 4151 1162 4204 Germanarum
1185 4150 1374 4216 antiquitatum
1392 4151 1418 4200 et

324 4234 473 4288 litterarum
490 4236 518 4287 H
534 4233 592 4300 322,
609 4235 655 4288 ubi
673 4236 817 4288 Sobererus
834 4234 867 4287 de
885 4235 1063 4287 imitationum
1080 4235 1182 4288 ratione
1199 4233 1324 4300 loquitur.

407 4316 428 4381 ²)
446 4319 478 4371 In
494 4319 560 4371 locis
577 4319 664 4371 citatis
682 4335 744 4371 usus
761 4334 820 4372 sum
837 4317 954 4370 Ernestii
970 4318 1093 4370 editione.
1127 4317 1236 4384 Lipsiae
1254 4312 1326 4366 1791.
