3244 4996
671 345 878 406 ..45-

280 524 307 588 a)
328 527 394 578 Aen.
412 527 453 578 IX
470 525 533 578 525:
575 527 638 591 Vos,
656 543 672 578 o
690 526 818 593 Calliope,
837 543 930 593 precor
946 526 1080 594 adspirate
1098 527 1213 591 canenti,

574 610 646 670 Quae
664 610 701 661 ibi
719 613 775 660 turn
793 610 863 661 ferro
881 614 990 678 strages,
1013 625 1081 676 quae
1102 609 1197 662 funera
1215 610 1319 662 Turnus

574 693 692 745 Ediderit
710 697 759 745 etc.

327 777 371 829 Sil.
389 773 511 829 111222:
573 776 681 827 Prodite
699 775 828 844 Calliope,
846 777 942 839 famae,
960 794 1026 844 quos
1043 778 1151 829 horrida
1169 781 1264 844 coepta

573 859 708 912 Exoterint
725 860 837 926 populos
856 861 1017 926 tulerintque
1034 861 1060 911 in
1073 877 1155 928 regna
1167 860 1257 912 Latini
1268 863 1318 913 etc.

274 940 302 1004 b)
324 944 390 997 Aen.
408 944 446 993 Vl
464 940 528 993 625:
574 941 660 1006 Non,
685 943 770 994 milri
793 944 814 993 si
838 944 983 1011 linguae
1007 947 1112 995 centum
1139 944 1191 995 sint
1218 959 1327 1012 oraque

1033 1030 1038 1042 '
1119 1031 1256 1080 centum

573 1109 670 1162 Ferrea
710 1127 802 1173 vox,
837 1126 928 1162 omncs
962 1111 1091 1162 scelerum
1130 1110 1318 1177 comprendere

1115 1194 1214 1246 formas

571 1275 667 1328 Omnia
684 1292 830 1342 poenarum
849 1292 1002 1342 percurrere
1019 1277 1128 1329 nomina
1146 1278 1274 1348 possim

323 1359 368 1412 Sil.
387 1359 426 1410 IV
443 1356 506 1411 527:
568 1359 649 1422 Non,
666 1359 745 1409 mihi
763 1359 901 1411 Maeoniae
919 1358 1010 1410 redeat
1033 1359 1055 1410 ei
1074 1361 1160 1426 gloria
1185 1361 1316 1428 linguae

569 1442 788 1509 Centenauque
806 1447 882 1509 pater
899 1442 943 1495 det
954 1443 1078 1494 Phoebus
1094 1443 1205 1496 fundere
1222 1459 1317 1496 voces

569 1525 619 1578 Tot
637 1526 731 1579 caedes
749 1526 867 1593 proferre
886 1543 1012 1593 queam.

482 1611 555 1723 Alia
578 1660 724 1745 exempla
745 1659 839 1722 huius
859 1658 943 1723 modi
964 1665 1049 1723 sunt:

303 1774 506 1866 1491111132
529 1814 569 1822 -
591 1776 643 1840 Sil.
664 1777 696 1839 ΙΙ
721 1779 788 1840 140.
827 1774 905 1838 Aen.
919 1774 1000 1839 VIII
1023 1778 1099 1856 240;
1120 1774 1169 1838 IX
1194 1776 1252 1838 124
1273 1813 1314 1821 -

219 1875 273 1939 Sil.
294 1875 344 1939 ΠΙ
364 1877 434 1939 463.
466 1874 546 1938 Aen.
567 1876 599 1939 X
621 1880 681 1941 859
703 1915 742 1923 -
766 1877 820 1941 811.
834 1877 882 1940 IV
897 1879 967 1941 266.
997 1874 1314 1940 111111Χ10811-

218 1975 478 2040 1111129511.
512 1975 589 2040 Aen.
610 1977 659 2039 XI
681 1980 740 2041 405
762 2014 802 2023 -
826 1976 1009 2041 81111330.
1041 1975 1313 2040 1411191255-

217 2076 272 2140 Sil.
295 2077 342 2140 VI
367 2080 434 2141 119.
477 2077 556 2141 Aen.
577 2078 626 2142 Vl
648 2080 724 2159 10ος
746 2078 779 2140 ll
801 2080 861 2140 192
883 2111 924 2120 -
946 2078 998 2142 811
1019 2077 1102 2141 XIII
1124 2079 1193 2141 648.
1234 2077 1313 2141 Aen.

216 2176 265 2239 VI
294 2178 370 2258 7023
401 2178 434 2241 ΙΙ
464 2180 523 2240 794
554 2215 593 2223 -
622 2177 675 2241 Sil.
702 2177 785 2241 XIlI
813 2180 882 2266 052.
924 2176 1004 2241 Aen.
1025 2177 1090 2240 XII
1112 2180 1169 2242 581
1194 2216 1236 2224 -
1258 2178 1312 2242 Sil.

216 2276 296 2341 XIV
318 2278 388 2340 294.
430 2277 510 2341 Aen.
531 2277 562 2340 V
584 2281 642 2341 121
667 2316 708 2323 -
730 2278 783 2342 Sil.
803 2277 867 2340 XV
892 2281 958 2342 180.

298 2443 372 2507 Jam
394 2450 590 2508 transeamus
612 2444 652 2507 ad
675 2466 728 2509 eos
749 2446 841 2526 locos,
864 2445 977 2527 quibus
995 2444 1099 2526 Silius,
1121 2465 1312 2529 quamquam

216 2551 318 2608 certus
350 2542 500 2606 Aeneidis
535 2545 621 2608 locus
657 2545 685 2607 ci
722 2550 794 2609 ante
830 2546 936 2608 oculos
971 2550 1114 2608 versatus
1150 2565 1218 2608 esse
1250 2565 1311 2608 non

214 2643 348 2723 videtur,
375 2650 481 2708 tamen
502 2643 687 2726 Vergiliana
715 2644 868 2708 vocabula
896 2643 1037 2707 reddidit.
1080 2644 1117 2706 111
1145 2644 1252 2729 primis
1279 2645 1311 2706 in

215 2744 319 2808 animo
352 2743 502 2828 quosdam
534 2744 636 2807 habeo
669 2745 843 2808 hexametri
875 2746 967 2824 locos,
1002 2745 1034 2808 in
1069 2745 1182 2829 quibus
1217 2752 1311 2828 poeta

217 2843 362 2907 facillime
384 2845 416 2907 in
438 2845 535 2908 verba
557 2851 630 2910 ante
653 2845 737 2930 apud
760 2845 856 2908 alium
878 2845 1018 2908 lectitata
1039 2845 1147 2908 incidit
1168 2846 1310 2929 saepissi-

215 2965 328 3028 meque
351 2946 454 3009 aliena
475 2946 581 3028 verba,
608 2967 690 3030 quae
716 2946 748 3008 in
772 2945 923 3009 memoria
952 2945 1018 3009 eius
1047 2946 1208 3010 haerentia
1236 2953 1310 3030 apte

217 3045 441 3130 commodeque
463 3047 568 3110 offerri
588 3046 784 3128 videbantur,
812 3045 843 3109 in
872 3068 963 3110 suurn
988 3046 1081 3110 vertit
1106 3068 1218 3128 usum.⁴
1247 3045 1310 3109 Hic

215 3152 263 3208 eet
290 3147 460 3231 praecipue
490 3147 559 3210 finis
588 3153 619 3210 et
647 3148 751 3232 aliqua
780 3169 820 3211 ex
851 3152 940 3232 parte
971 3145 1093 3209 initium
1125 3145 1310 3210 hexametri.

214 3243 305 3308 Haec
326 3266 375 3308 res
400 3252 436 3308 ut
463 3247 574 3310 clarior
601 3248 663 3325 fiat,
693 3254 787 3310 antea
809 3246 1037 3326 demonstrabO,
1065 3267 1126 3330 qno
1155 3245 1247 3310 modo
1275 3268 1309 3310 ee

214 3344 332 3408 habeat
362 3345 447 3431 apud
476 3369 574 3411 unum
603 3346 798 3431 eundemque
830 3355 964 3432 poetam.
1006 3345 1089 3409 Nam
1122 3367 1193 3409 cunr
1225 3346 1308 3429 apud

179 3431 185 3442 ’
213 3452 339 3530 poetam
375 3449 498 3531 epicum
538 3467 689 3531 persaepe
724 3445 853 3509 eaedem
889 3469 939 3510 res
974 3451 1163 3528 repetantur,
1202 3451 1237 3508 ut
1276 3446 1308 3509 in

213 3545 472 3630 descriptionibus
503 3568 689 3632 pugnarum,
718 3546 864 3625 locorum,
895 3547 925 3607 in
959 3544 1088 3608 deorum
1120 3545 1308 3627 ministeriis,

214 3667 240 3709 e.
262 3668 290 3730 q.
312 3668 345 3727 1.,
368 3647 480 3709 mirum
506 3668 568 3710 non
594 3652 650 3727 est,
679 3645 762 3730 quod
790 3645 830 3708 ab
859 3643 966 3708 eodem
997 3649 1091 3728 poeta
1120 3644 1307 3729 quibusdam

213 3747 245 3808 in
281 3767 390 3810 versus
427 3746 567 3831 partibus
603 3746 713 3810 eadem
749 3745 845 3810 verba
881 3745 1041 3808 iterantur.
1085 3744 1154 3818 Quo
1189 3747 1307 3810 maiore

213 3851 319 3909 autern
351 3867 426 3909 cura
458 3852 551 3928 poeta
582 3847 679 3909 utitur
710 3846 742 3908 in
775 3844 948 3924 scribendo,
980 3865 1016 3908 eo
1048 3845 1149 3908 rarius
1181 3851 1307 3908 exstant

211 3947 292 4010 tales
323 3947 513 4011 iterationes
565 3944 659 4029 Apud
691 3946 877 4028 Vergilium,
910 3945 964 4026 qui
995 3966 1121 4008 carmen
1153 3945 1307 4028 corrigere

211 4068 274 4110 non
303 4046 366 4110 iarn
394 4046 503 4133 potuit,
535 4066 686 4130 persaepe
717 4044 827 4108 eadem
857 4046 904 4109 his
932 4046 964 4108 in
991 4067 1137 4109 versuum
1165 4046 1307 4129 partibus

212 4137 309 4210 verba
331 4152 524 4232 repetuntur,
551 4167 702 4230 persaepe
730 4146 825 4209 etiam
853 4146 936 4231 apud
959 4146 1104 4227 Statium,
1135 4147 1184 4210 cui
1212 4147 1307 4211 silvae
1409 4147 1413 4154 ’

213 4267 253 4309 ex
274 4251 413 4331 ternpore
440 4245 638 4331 componenti
666 4250 790 4328 tempus
818 4268 879 4309 non
908 4252 975 4310 erat
1001 4267 1149 4310 versuum
1178 4248 1306 4311 eliman-
