3244 4996
778 393 983 454 ..28-

336 595 391 636 suo
417 573 541 656 ingenio
568 573 742 654 indulserit,
771 574 864 638 huius
892 576 1081 660 quaestionis
1113 598 1173 639 non
1203 583 1250 640 est
1276 578 1423 662 proferre.

334 672 412 734 Mihi
448 673 531 737 enim
570 674 761 758 propositum
797 681 844 738 est
879 676 1013 759 vestigia
1048 676 1189 759 Vergilii,
1225 698 1306 760 quae
1339 677 1421 762 apud

335 772 445 838 Silium
466 773 667 837 inveniuntur
680 776 877 856 perscrutari.
889 765 892 774 ¹
906 775 974 839 Silii
988 775 1113 860 quidem
1129 797 1179 839 ars
1194 777 1423 861 compositionis

334 872 394 935 hac
421 873 452 936 in
481 879 571 958 parte
598 873 803 956 Vergilianas
829 876 883 938 vix
911 876 1019 938 ‘similis
1048 882 1103 939 est.
1145 876 1266 962 Itaque,
1299 883 1334 940 ut
1361 897 1423 940 uno

336 973 480 1058 exemplo
501 979 582 1052 utar,
602 973 683 1037 hanc
705 996 766 1038 non
788 983 864 1060 puto
887 997 954 1040 esse
969 963 1184 1056 imitationem,
1206 961 1288 1061 qu'od
1310 976 1423 1062 Scipio,

335 1072 518 1156 priusquam
539 1072 580 1136 ad
600 1095 708 1138 manes
729 1075 896 1155 deseendit,
923 1082 959 1138 ut
979 1076 1105 1140 Aeneas
1127 1076 1211 1161 apud
1233 1075 1337 1157 Verg,
1365 1075 1424 1139 diis

334 1171 441 1236 inferis
477 1194 565 1236 sacra
601 1174 684 1237 facit.
740 1175 866 1239 Etenim
901 1175 960 1238 hoc
995 1176 1092 1258 poscit
1127 1183 1269 1240 veterum
1304 1176 1423 1260 religio,

334 1293 437 1357 neque
459 1278 571 1357 poetae
593 1273 695 1355 mode,
723 1274 777 1339 sed
800 1296 907 1339 omnes
929 1276 1093 1357 scriptores
1120 1277 1151 1338 in
1179 1276 1236 1339 tali
1263 1277 1424 1340 occasione

334 1371 374 1436 de
395 1373 457 1436 ritu
480 1373 590 1437 eadem
612 1381 749 1438 narrant.
781 1374 870 1438 ldem
885 1375 984 1439 sentio
1006 1373 1045 1439 d'e
1067 1375 1272 1458 descriptione
1286 1377 1424 1441 locorum

335 1478 366 1534 et
388 1472 580 1555 animalium,
607 1475 686 1538 sicut
707 1474 745 1538 de
768 1474 913 1552 Cerbero,
941 1475 1067 1538 sedibus
1089 1477 1218 1561 piorum,
1246 1475 1425 1540 fluminibus

336 1578 404 1654 etc,
424 1573 591 1658 inquibus
619 1573 712 1638 Silius
741 1595 936 1638 communem
964 1582 1126 1663 poetarum
1152 1597 1272 1640 morem
1301 1583 1424 1640 secutus

335 1678 392 1735 est.
435 1673 528 1755 Nam,
565 1671 645 1759 qu'ae
680 1674 815 1757 Vergilii
848 1675 974 1760 propria
1014 1682 1085 1738 sunt
1121 1676 1153 1738 in
1192 1678 1424 1762 compositione,

336 1793 373 1836 ea
406 1773 500 1836 Silius
532 1775 623 1838 aliter
651 1775 793 1840 instituit.
837 1774 953 1838 Contra
985 1776 1166 1860 saepissime
1198 1776 1282 1861 apud
1314 1776 1425 1839 Silium

335 1872 520 1956 Vergiliana
547 1875 644 1938 verba
671 1875 815 1958 legimns,
844 1875 956 1958 quibus
989 1861 1225 1960 satis'apparet
1259 1897 1339 1954 eum,
1367 1876 1426 1940 etsi

335 1963 368 2034 in
389 1973 492 2037 indole
514 1980 546 2037 et
567 1974 767 2057 dispositione
782 1974 874 2038 huius
896 1975 995 2060 partis
1009 1975 1185 2059 Vergilium
1207 1977 1308 2068 magis
1331 1996 1425 2060 quam

336 2073 405 2137 aliis
427 2073 501 2137 locis
523 2075 672 2157 neglexit,
694 2081 800 2138 tamen
822 2074 906 2138 illius
928 2075 1045 2138 auxilio
1068 2097 1175 2140 carere
1196 2098 1257 2140 non
1276 2077 1425 2164 potuisse.

336 2174 452 2247 Quales
475 2180 580 2238 autem
603 2175 664 2238 sint
686 2175 753 2238 eius
780 2171 875 2238 modi
891 2175 1090 2256 imitationes,
1119 2197 1159 2246 ex
1186 2175 1235 2238 his
1265 2175 1426 2260 exemplis,

336 2295 467 2357 quorum
488 2296 637 2342 numerus
659 2276 768 2358 augeri
790 2275 881 2338 facile
903 2275 1013 2359 potuit,
1034 2275 1252 2358 intellegetur:

421 2373 451 2453 1)
480 2373 583 2459 Scipio
611 2381 642 2438 et
669 2374 796 2438 Aeneas
824 2397 843 2439 a
871 2381 944 2452 vate
972 2382 1092 2458 petunt,
1121 2382 1156 2438 ut
1184 2397 1216 2438 se
1245 2375 1283 2439 ad
1311 2377 1426 2440 inferos

336 2473 433 2556 patris
454 2473 574 2538 visendi
596 2495 692 2538 causa
713 2473 863 2538 deducat:

384 2625 451 2677 Aen.
468 2625 507 2675 VI
526 2621 587 2677 108:
623 2627 665 2676 Ire
683 2626 717 2677 ad
735 2631 950 2692 conspectum
968 2627 1023 2680 cari
1040 2627 1166 2694 genitoris
1184 2631 1210 2680 et
1227 2644 1274 2678 ora

621 2708 813 2777 Contingat

386 2789 596 2844 sil.x111403:
723 2797 749 2844 et
775 2792 958 2860 adspectus
990 2797 1048 2844 orat
1081 2794 1288 2872 contingere
1321 2797 1427 2859 patrum

683 2875 740 2938 (cfr.
759 2880 784 2927 et
801 2873 869 2937 506.)
1029 2887 1032 2896 “

419 2999 450 3074 2)
471 2999 651 3084 Alloquitur
672 2999 774 3085 Scipio
795 3001 939 3064 umbram
960 3000 1071 3085 Appii:

386 3141 432 3193 Sil.
448 3139 511 3194 450:
550 3142 702 3202 Quisnam
720 3145 766 3205 te,
785 3143 830 3208 qui
848 3158 924 3195 casus
942 3143 987 3202 ait,
1005 3142 1059 3192 dux
1078 3142 1201 3206 inanime,
1219 3142 1304 3192 fessae

551 3225 692 3292 Eripuit
709 3226 811 3292 patriae
831 3263 836 3275 .
856 3264 861 3275 .
881 3265 910 3277 ..

418 3357 544 3421 Aeneas
564 3359 708 3422 umbram
728 3358 883 3422 Palinuri:

385 3507 451 3560 Aen.
469 3504 531 3558 341:
550 3546 753 3562 .........
773 3509 856 3569 Quis
874 3514 906 3560 te
924 3509 1058 3570 Palinure,
1076 3507 1185 3558 deorum

382 3585 384 3590 ’
551 3591 692 3657 Eripuit
710 3592 785 3644 nobis
804 3633 809 3644 .
828 3631 834 3643 .
853 3632 883 3645 ..

419 3715 450 3796 3)
470 3715 519 3778 Ea
537 3715 620 3795 sede,
635 3719 705 3800 'qua
727 3716 902 3780 sacerdotes
925 3722 956 3782 et
978 3722 1087 3800 poetas
1103 3716 1222 3779 versari
1243 3715 1327 3796 dicit,
1349 3714 1427 3778 haec

335 3816 520 3900 Vergiliana
541 3816 629 3879 nobis
652 3823 831 3880 occurrunt:

342 3941 345 3946 ¹
385 3955 532 4013 senata:
568 3996 771 4010 .........
790 3961 816 4008 et
833 3957 973 4009 Phoebo
991 3956 1096 4025 digna
1114 3957 1195 4008 locuti

568 4041 735 4092 Inventas
753 4044 799 4092 aut
817 4040 863 4106 qui
884 4041 991 4092 vitam
1012 4041 1202 4092 excoluere
1225 4056 1272 4106 per
1289 4043 1386 4091 artes

385 4132 431 4185 Sil.
444 4115 467 4184 v}
485 4129 547 4184 537:
566 4133 643 4196 Exin,
656 4127 707 4198 ¹qui
724 4134 808 4184 laetas
826 4135 920 4183 artes
942 4132 1094 4213 vitaeque
1117 4132 1289 4183 colendae

567 4217 738 4269 Invenere
756 4216 835 4280 viam,
853 4231 913 4266 nec
932 4214 1156 4281 dedignanda
1174 4213 1278 4280 parenti

567 4299 691 4351 Carmina
708 4299 833 4351 fuderunt
851 4299 997 4350 Phoebo.
