3244 4996
569 355 862 436 2-ss-

215 538 355 623 profecit,
377 538 421 601 ita
443 538 621 614 verebatur,
643 537 726 622 quod
748 537 850 601 dicere
872 538 1008 620 volebat,
1030 539 1305 624 sineambagibus

215 639 386 702 enuntiare.
408 639 511 714 Quam
526 639 646 702 obrem
661 659 734 702 eum
748 637 901 702 audacem
915 637 1012 722 fuisse
1028 639 1061 701 in
1076 639 1306 702 conformandis

214 737 336 801 dicendi
370 738 477 818 figuris
512 739 678 822 verbisque
719 739 752 802 in
794 739 890 802 aliam
931 739 996 802 vim
1037 739 1262 804 transferendis
1274 738 1306 819 ¹).

213 839 327 920 ltaque
348 860 387 904 ne
408 839 448 903 de
467 839 534 904 Silii
549 839 675 924 quidem
690 839 838 924 loquendi
852 840 973 904 ratione
988 841 1078 904 aliter
1091 839 1306 904 iudicabimus.

214 937 348 1020 Etenim,
373 940 454 1025 quod
476 940 540 1004 iam
562 939 731 1004 Gholevius
758 940 797 1004 de
820 940 966 1026 epithetis
995 963 1014 1004 a
1043 940 1118 1005 Silio
1145 942 1305 1027 usurpatis

214 1039 393 1120 affirmavit,
420 1031 553 1104 nonita
580 1040 729 1105 audacter
756 1061 795 1105 ea
815 1061 891 1104 esse
913 1041 1093 1127 composita,
1121 1040 1153 1104 id
1181 1041 1305 1105 omnino

214 1138 253 1203 de
287 1140 371 1203 illius
407 1140 589 1204 elocutionis
622 1141 744 1205 ratione
778 1140 943 1205 dicendum
979 1161 1046 1205 esse
1082 1146 1166 1224 puto.
1221 1141 1305 1205 Nam

213 1245 435 1326 praeterquam
464 1240 547 1324 quod
574 1242 675 1305 multa
700 1241 733 1305 in
760 1242 963 1328 parenthesin
993 1263 1088 1328 saepe
1116 1241 1246 1306 contulit
1274 1247 1305 1306 et

214 1341 352 1405 oratione
374 1341 465 1405 nimis
485 1342 612 1425 turgida
633 1343 740 1422 utitur,
766 1343 797 1406 in
823 1343 1003 1407 universum
1024 1339 1225 1407 statuendum
1248 1349 1304 1424 est,

213 1463 292 1528 pure
307 1448 338 1506 et
349 1443 510 1527 eleganter
525 1464 597 1508 eum
610 1443 727 1507 dixisse
735 1441 759 1522 2)
773 1443 993 1528 rarissimoque
1004 1442 1137 1526 Vergilii
1151 1443 1303 1507 rationem

215 1543 393 1607 excessisse.
430 1544 543 1627 ltaque
564 1543 620 1607 ubi
641 1565 660 1607 a
681 1565 823 1608 sermone
844 1544 960 1607 usitato
982 1544 1151 1608 abhorrere
1171 1544 1305 1622 videtur,

213 1641 398 1730 plerumque
419 1666 478 1729 par
494 1651 550 1708 aut
564 1644 663 1708 simile
678 1644 763 1729 apud
776 1644 960 1728 Vergilium·
974 1645 1154 1727 exemplum
1167 1645 1305 1730 reperire

213 1744 340 1808 difficile
371 1765 433 1808 non
466 1750 521 1808 est.
564 1744 626 1808 Sed
654 1765 723 1808 oum
755 1745 788 1808 in
821 1745 939 1810 Siliana
972 1745 1143 1809 elocutione
1171 1744 1306 1828 Vergilii

213 1845 346 1927 vestigia
378 1844 495 1929 ubique
528 1845 778 1927 frequentissime
810 1853 982 1927 occurrant,
1014 1867 1054 1910 ne
1087 1843 1305 1910 enumerandis

159 2001 162 2008 .
204 1944 356 2016 ¹omnibus
377 1944 461 2025 locis,
482 1964 559 2026 quos
580 1946 694 2009 multos
706 1946 780 2019 iam
794 1952 890 2010 antea
903 1934 1047 2029 legimus,
1069 1947 1219 2010 molestus
1237 1946 1304 2026 sim,

213 2065 315 2129 pauca
343 2046 635 2110 commemoratione
664 2046 764 2130 digna
794 2047 918 2130 eligam,
945 2046 1067 2131 quibus,
1096 2066 1159 2131 qua
1185 2045 1305 2109 ratione

213 2143 307 2208 Silius
328 2144 462 2228 Vergilii
483 2146 654 2210 orationem
676 2147 881 2232 poeticam-,in
896 2168 987 2209 suum
1001 2167 1094 2209 usum
1109 2147 1305 2226 converterit,

214 2246 358 2328 cognosci
373 2252 485 2331 potest.
526 2246 569 2310 ut
582 2268 649 2311 rem
666 2248 807 2311 similiter
822 2269 855 2311 se
870 2246 987 2310 habere
1003 2252 1097 2331 atque
1115 2246 1146 2308 in
1163 2245 1305 2311 versibus

212 2345 392 2409 mutuandis
413 2368 470 2432 per
491 2368 526 2410 se
552 2353 649 2432 patet.
690 2347 811 2411 Partim
839 2348 922 2412 enim
951 2353 999 2411 est
1025 2346 1237 2428 manifestum,
1265 2345 1304 2410 de

213 2445 365 2510 industria
401 2467 418 2510 e
454 2447 596 2531 Vergilio
633 2469 705 2512 eum
739 2448 837 2511 verba
871 2448 905 2510 in
940 2467 1066 2511 carmen
1099 2446 1304 2528 transtulisse,

213 2547 328 2631 partim
355 2547 488 2611 invitum
515 2548 701 2632 Vergiliana
729 2549 891 2612 enuntiata
918 2549 950 2611 in
981 2569 1072 2611 usum
1103 2567 1241 2627 vocasse,
1273 2547 1305 2610 in

213 2667 294 2731 quae
317 2649 443 2712 etiamsi·
460 2655 563 2714 certus
584 2652 671 2714 locus
691 2655 764 2713 ante
786 2648 890 2713 oculos
912 2646 1190 2728 non-versabatur,
1212 2645 1304 2710 facilc

211 2747 347 2813 incidere
367 2750 479 2835 potuit.
1168 2761 1171 2768 ’

292 2849 398 2932 Atque
419 2850 554 2936 primum
577 2849 703 2942 quidem
724 2848 810 2935 apud
825 2849 935 2912 Silium
956 2869 1018 2944 non
1039 2848 1125 2910 nulla
1141 2853 1304 2911 occurrunt

210 2949 317 3030 verba,
344 2969 425 3032 quae
452 2950 634 3034 aVergilio
662 2957 779 3014 novata
811 2954 883 3013 sunt
893 2947 926 3029 3).
969 2948 1058 3022 Quae
1080 2947 1205 3030 quidem
1234 2968 1304 3010 cum

211 3049 284 3114 inde
315 3072 334 3113 a
361 3050 495 3134 Vergilii
528 3057 632 3116 aetate
665 3051 705 3115 ab
738 3049 881 3114 omnibus
913 3049 979 3114 fere
1011 3049 1043 3113 in
1070 3070 1162 3112 usum
1192 3053 1285 3122 vocat

212 3150 281 3229 sint,
309 3171 371 3213 non
398 3150 552 3214 haberent
579 3173 636 3237 per
664 3173 697 3216 se
725 3152 859 3215 multum
889 3149 1039 3215 momenti
1068 3149 1151 3235 apud
1179 3155 1304 3232 poetam

212 3250 358 3334 aliquem,
380 3271 474 3335 quem
494 3250 635 3335 Vergilio
664 3273 754 3315 usum
783 3273 850 3316 esse
881 3251 951 3314 aliis
977 3251 1072 3313 rebus
1097 3249 1306 3345 demonstrari

212 3371 273 3413 non
301 3357 415 3435 posset,
445 3351 500 3415 sed
528 3351 612 3437 apud
640 3351 752 3415 silium
779 3353 818 3415 ne
845 3352 925 3416 haec
952 3350 1077 3435 quidem
1106 3349 1304 3432 neglegenda

212 3471 281 3514 esse
302 3459 386 3535 puto.
427 3452 568 3533 Accedit,
589 3452 671 3537 quod
694 3449 850 3536 quaedam
872 3451 904 3514 in
925 3451 963 3514 iis
984 3450 1195 3529 inveniuntur,
1223 3470 1305 3534 quae

212 3572 367 3635 nusquam
387 3554 535 3635 leguntur
556 3553 614 3616 nisi
636 3552 721 3637 apud
735 3552 911 3636 Vergilium
927 3558 958 3614 et
973 3550 1083 3614 Silium
1105 3555 1140 3612 ut
1161 3548 1305 3612 trifaux

211 3651 302 3731 (Aen.
323 3652 371 3715 VI
393 3655 452 3716 417
476 3691 516 3700 -
539 3653 592 3717 Sil.
612 3653 646 3715 Il
667 3650 755 3734 551);
778 3658 943 3716 sternax
964 3649 1073 3732 (Verg.
1094 3649 1159 3712 XII
1181 3650 1242 3712 364
1263 3683 1305 3694 -

295 3852 314 3916 ¹)
341 3855 450 3906 Praetor·
476 3854 705 3905 Braumuellerum
735 3853 794 3904 vide
825 3851 948 3904 Teuffalii
979 3851 1124 3903 Historiam
1156 3851 1304 3902 litterarum

211 3951 313 3990 roman.
347 3936 369 4000 ξ.
387 3933 443 3991 228.
461 3933 485 3990 5.

293 4019 314 4084 2)
332 4022 442 4074 Vossius
463 4038 489 4088 p.
507 4016 556 4071 142
573 4020 651 4071 dicit:
677 4019 754 4080 Quod
778 4019 800 4070 si
824 4018 857 4076 do
882 4019 997 4085 puritate
1021 4018 1101 4070 stiam
1124 4018 1304 4084 sennonisqus

211 4105 326 4156 Romani
351 4104 507 4158 castimonia
532 4107 634 4156 certare
659 4103 758 4166 lubeat,
784 4102 851 4154 nulli
880 4118 971 4154 eorum
1000 4101 1086 4167 cedat,
1115 4117 1181 4168 quos
1206 4118 1238 4154 ea
1261 4103 1304 4158 vel

212 4189 334 4260 proxima
351 4189 417 4241 vidit
434 4192 515 4241 aetas.
548 4189 634 4239 Imm0
652 4186 740 4254 potius
757 4202 802 4238 eos
819 4189 959 4253 exsuperat
976 4185 1122 4244 universos.

293 4267 314 4337 ³)
331 4271 371 4328 De
389 4272 430 4328 his
447 4271 507 4328 ride
525 4270 707 4344 Ladewigium
724 4286 749 4341 p.
767 4267 791 4326 3.
