3244 4996
754 376 960 438 „20„.

312 564 436 644 praesto
459 564 557 638 erant,
579 559 726 640 quoniam
745 563 858 644 poetae
880 564 911 622 et
926 557 1118 622 Graecorum
1140 564 1171 622 et
1192 558 1404 622 Romanorum

312 657 517 722 libentissime
545 658 577 721 in
605 658 721 722 talibus
748 657 1006 743 descriptionibus
1039 658 1154 722 versati
1185 666 1266 739 sunt,
1299 665 1404 722 tamen

313 758 406 822 Silius
438 779 499 821 non
530 758 680 841 exiguam
712 766 835 842 partem
869 759 962 821 huius
997 758 1211 844 descriptionis
1243 759 1283 822 ad
1315 758 1405 822 ludos

312 858 524 941 Vergilianos,
539 880 616 943 quos
629 858 756 923 Aeneas
777 860 810 923 in
824 857 981 922 Anchisae
1003 858 1151 922 honorem
1169 859 1302 941 paravit,
1325 880 1404 924 com-

313 959 416 1044 posuit
444 959 497 1038 ita,
526 965 561 1022 ut
592 959 815 1045 descriptiones
844 958 997 1023 artissime
1026 959 1211 1023 conveniant
1239 966 1270 1023 et
1297 960 1329 1023 in
1360 959 1407 1039 iis,

313 1080 394 1144 quae
422 1059 462 1122 ad
490 1059 580 1124 ludos
610 1059 693 1145 ipsos
721 1060 886 1144 pertinent,
920 1065 951 1132 et
983 1059 1015 1122 in
1043 1059 1090 1140 iis,
1115 1081 1196 1144 quae
1222 1060 1292 1124 illos
1317 1081 1405 1145 prae·

314 1159 435 1224 cedunt.
483 1159 779 1240 Brandstaeterus1)
812 1159 928 1223 scilicet
950 1165 993 1222 ut
1025 1159 1188 1224 consilium
1218 1182 1312 1246 supra
1344 1161 1407 1224 iam

313 1267 589 1324 commemoratum
625 1266 783 1345 sequatur,
818 1260 932 1323 iterum
967 1259 1108 1343 Vergilio
1143 1282 1238 1345 quam
1273 1261 1407 1344 plurima
1458 1335 1460 1340 ¹

314 1359 468 1444 derogans
495 1368 599 1443 negat,
625 1360 715 1424 ludos
748 1361 801 1424 illo
834 1366 960 1424 auctore
992 1381 1060 1424 esse
1092 1360 1272 1446 descriptos,
1305 1383 1407 1446 neque

314 1460 437 1524 dubitat
462 1459 611 1542 Homero,
640 1463 756 1546 quippe
784 1461 872 1524 cuius
897 1461 1030 1541 vestigio
1058 1461 1117 1524 hac
1142 1461 1175 1524 in
1202 1461 1408 1544 descriptione

315 1559 400 1626 haud
432 1561 526 1625 dubie
563 1568 726 1647 apparent,
761 1583 815 1626 eas
846 1567 952 1647 partes
984 1561 1122 1625 tribuere
1154 1581 1236 1644 quae
1267 1560 1408 1644 Vergilio

315 1681 348 1723 re
380 1682 456 1724 vera
491 1661 697 1725 vindicandae
734 1668 813 1726 sunt.
869 1661 930 1726 Sed
963 1683 1059 1746 quam
1090 1667 1175 1726 recte
1208 1661 1246 1726 de
1278 1662 1330 1725 iis¹
1347 1682 1409 1724 non

315 1760 508 1842 iudicaverit,
530 1783 547 1825 e
568 1763 753 1846 locis-quos
775 1761 960 1843 adscribam,
982 1762 1190 1846 intellegetur.

398 1861 538 1924 Primum
554 1862 635 1925 enim
658 1868 693 1925 ut
708 1860 833 1927 Aeneas
855 1862 900 1924 ita
921 1861 1024 1949 Scipio
1046 1862 1086 1926 ad
1101 1863 1216 1926 milites
1238 1859 1408 1926 orationem
1442 1879 1447 1890 ·

316 1960 422 2042 habet,
446 1983 508 2045 qua
530 1961 604 2025 dicit
630 1962 774 2025 manibus
802 1962 901 2047 patris
922 1967 994 2047 post
1019 1983 1081 2027 non
1102 1963 1203 2025 nullos
1225 1961 1290 2025 dies
1312 1959 1410 2049 (apud

317 2060 370 2124 Sil.
398 2067 528 2146 septem,
561 2061 645 2145 apud
670 2062 767 2142 Verg.
794 2060 919 2141 novem)
951 2061 1040 2126 ludos
1069 2084 1102 2126 se
1129 2062 1292 2126 instituere
1320 2063 1409 2125 velle.

317 2161 406 2247 Quae
429 2161 526 2225 oratio
549 2182 605 2246 per
627 2162 765 2241 singulas
788 2169 892 2246 partes
915 2169 946 2225 et
968 2163 999 2225 in
1020 2162 1200 2226 Punicis-et
1221 2165 1251 2225 in
1270 2162 1431 2226 Aeneide

318 2261 427 2324 eodem
456 2260 548 2324 modo
577 2260 726 2346 disposita
754 2268 815 2341 est3
846 2262 930 2347 apud
959 2262 1011 2326 Sil.
1040 2262 1142 2348 Scipio
1171 2263 1211 2326 ad
1237 2263 1351 2326 milites
1378 2262 1408 2324 in

318 2361 465 2425 orationis
485 2361 573 2423 initio
595 2359 668 2423 dicit

368 2503 434 2554 XVI
450 2500 514 2554 295:
532 2506 619 2554 mente
637 2501 724 2554 favete
742 2503 800 2568 pari

320 2647 401 2710 quae
423 2627 519 2692 verba
540 2625 666 2691 Aeneas
688 2626 772 2711 apud
793 2627 887 2706 Verg.
909 2627 941 2689 in
962 2628 1025 2690 fine
1046 2627 1136 2690 facit:
1181 2713 1183 2718 Α

368 2770 393 2819 V
410 2767 456 2821 71:
525 2787 569 2822 ore
587 2771 675 2822 fovete
693 2786 791 2822 omnes.

404 2893 483 2957 Tum
515 2900 648 2979 uterque
680 2894 885 2959 certaminum
921 2915 1038 2977 genera
1075 2894 1177 2976 edicit,
1211 2917 1274 2980 qua
1309 2896 1340 2958 in
1377 2917 1411 2960 re

319 3000 445 3079 praeter
465 2995 562 3058 verba
584 2991 695 3058 eadem
715 2993 863 3078 loquendi
884 2994 985 3057 forma
1003 2995 1230 3079 verborumque
1253 2995 1411 3081 dispositio

320 3100 501 3179 usurpatur:
529 3149 531 3153 .

369 3223 500 3280 Aenb'l:
519 3227 582 3288 Qui
601 3265 631 3278 ..
651 3228 793 3278 .volet.
812 3266 817 3277 .
837 3265 842 3277 .
862 3225 1144 3294 (posttresversus).
1164 3269 1169 3280 .
1190 3230 1356 3283 ..adsint

370 3307 908 3372 Sil.297:Qui...vslent..(›>
971 3331 982 3354 ›>
1062 3331 1074 3355 ›>
1110 3312 1354 3388 ).3..adsint

321 3434 403 3519 quod
425 3434 556 3498 verbum
580 3419 721 3515 „valenti
752 3441 948 3520 permutatur
977 3435 1061 3521 apud
1090 3435 1142 3499 Sil.
1164 3438 1225 3499 299
1248 3458 1320 3499 oum
1345 3437 1412 3517 „cui

322 3556 392 3618 spes
414 3532 489 3614 est“‚
511 3534 594 3617 apud
616 3534 713 3618 Verg.
735 3536 775 3598 69
800 3535 871 3617 „qui
892 3535 988 3598 fidit“.

403 3633 440 3696 In
462 3633 542 3697 haec
559 3633 711 3720 Scipionis
732 3635 829 3699 verba
848 3635 942 3699 Silius
964 3657 1004 3699 ex
1026 3637 1087 3700 alio
1110 3636 1176 3699 loco
1199 3636 1413 3722 descriptionis

321 3734 525 3818 Vergilianas
546 3755 671 3798 versum
691 3736 888 3799 transtulisse
910 3735 1042 3817 videtur,
1065 3737 1153 3799 cuius
1174 3737 1271 3801 verba
1298 3743 1413 3800 mutat:

372 3877 438 3929 Aen.
456 3875 518 3928 305:
536 3877 620 3930 Nemo
638 3893 671 3929 ex
688 3878 739 3929 hoo
756 3893 865 3928 numero
883 3877 949 3927 mihi
965 3894 1018 3928 non
1036 3879 1148 3931 donatus
1165 3839 1255 3931 abibit.
1284 3873 1294 3918 ἶ

373 3959 418 4012 Sil.
458 3957 522 4012 302:
539 3959 594 4011 Nec
613 3959 753 4025 quisquam
770 3960 853 4010 nostri
870 3960 987 4012 discedet
1004 3963 1120 4014 muneris
1137 3979 1239 4029 expers.

405 4081 528 4146 Deinde
550 4084 582 4145 in
603 4082 693 4146 ludos
720 4083 804 4168 ipsos
829 4082 939 4148 iisdem
961 4085 1026 4149 fere
1048 4086 1151 4149 verbis
1176 4084 1413 4148 introducimur:

407 4275 426 4338 1)
444 4294 470 4343 p.
488 4274 528 4328 ao.
