3244 4996
673 376 858 436 ..9.-

220 559 332 624 iisdem
358 559 424 622 sere
449 556 562 638 verbis,
584 557 697 640 quibus
718 556 891 640 Vergilius:
921 555 1050 636 ,Ordior
1074 555 1191 638 arma“,
1215 556 1311 621 Juno·

218 681 293 725 nem
314 659 409 722 infert
430 657 509 722 siout
523 656 683 740 Vergilius
704 656 882 720 instituerat
895 656 1046 720 Romanis
1067 656 1310 740 infestissimam,

220 756 531 838 Carthaginiensibus
550 755 856 841 amicissimumque
874 756 906 819 in
924 777 958 820 re
978 756 1078 821 forma
1093 779 1112 820 a
1127 756 1202 820 Silio
1223 749 1310 820 usur-

220 866 297 944 pata
319 859 393 922 satis
414 857 575 941 probatur,
596 857 699 921 locum
716 857 934 940 Vergilianum
955 857 1002 919 illi
1023 863 1096 920 ante
1117 857 1222 920 oeulos
1243 878 1310 921 ver-

220 966 321 1025 satum
343 979 420 1024 esse.
438 1031 445 1040 ,
461 957 604 1039 Uterque
632 956 715 1020 enim
743 956 827 1038 dioit,
850 955 1079 1040 Carthaginem·
1096 955 1213 1020 Junoni
1240 979 1310 1041 gra-

88 1081 92 1088 ·
152 1096 164 1110 ··
219 1061 371 1125 tissimam
386 1078 454 1122 esso
471 1057 587 1139 sedem,
608 1057 661 1121 ubi
677 1078 828 1140 magnum
841 1062 1016 1144 potensque
1032 1076 1164 1140 regnum
1179 1057 1310 1122 oondere

218 1159 369 1226 voluerit:

269 1328 335 1381 Asu.
353 1323 426 1379 115:
452 1325 539 1387 Quam
560 1321 772 1392 (Carthaginem)
788 1323 860 1374 Juno
882 1323 965 1375 fertur
986 1324 1062 1376 tanis
1084 1325 1169 1393 magis
1190 1325 1311 1378 omnibus

451 1491 608 1544 Posthabita
625 1489 736 1542 noluisse
754 1489 833 1541 Samo
851 1527 857 1540 .
875 1528 881 1540 .
899 1528 906 1540 .
1147 1425 1228 1461 unam

451 1611 582 1629 ......
599 1575 650 1625 hoo
667 1588 778 1640 reguum
796 1572 846 1624 dea
863 1573 986 1641 gentibus
1003 1590 1058 1626 esse

451 1696 580 1712 ......
597 1656 734 1722 tenditque
752 1655 877 1722 fovetque

287 1766 332 1818 sil.
348 1762 424 1818 126:
449 1765 501 1816 Hie
518 1765 599 1827 Juno,
616 1767 677 1816 ante
695 1764 782 1832 Argos
799 1761 848 1826 (sio
867 1763 977 1816 eredidit
994 1766 1049 1817 alta
1066 1764 1194 1828 vetustas)

451 1848 521 1900 Anto
539 1847 779 1916 Agamemnoniam
796 1847 945 1915 gratissima
963 1851 1033 1900 taeta
1050 1847 1178 1913 Mycenen

409 1985 410 1991 ,
453 1930 562 2000 Optauit
579 1930 698 1998 profugis
716 1934 852 1984 aeternam
869 1931 981 1984 condere
999 1935 1113 1998 gentem.

278 2081 343 2145 fl.
372 2081 512 2162 Quare,
540 2079 624 2164 quod
645 2078 710 2143 fato
738 2051 799 2145 hoo
816 2099 950 2161 regnum
977 2080 1046 2144 fieri
1073 2085 1206 2163 vetatur,
1227 2059 1310 2148 Juno

220 2181 370 2248 Romanis
391 2181 516 2244 inimica
538 2179 706 2266 perniciem
733 2201 846 2262 parare
867 2185 1006 2261 conatur,
1028 2180 1111 2265 apud
1133 2180 1311 2265 Vergilium

222 2284 262 2348 ab
282 2283 382 2348 Aeolo
404 2287 524 2368 petens,
544 2283 580 2344 ut
599 2279 702 2344 ventis
724 2279 932 2344 contundatur
954 2278 1083 2345 Aeneae
1104 2281 1226 2382 elassis3

352 2447 428 2503 167:
446 2450 527 2502 Ilium
544 2450 571 2501 in
589 2449 697 2501 Italiam
715 2451 824 2516 portans
841 2419 977 2515 victosque
995 2452 1112 2516 penates.

221 2585 315 2666 Silius
336 2598 377 2663 ad
397 2599 481 2664 huno
501 2619 627 2664 versum
648 2602 792 2681 spectans
813 2597 863 2661 his
883 2596 1002 2694 10111101
1098 2639 1100 2644 -

352 2763 429 2818 142:
447 2766 569 2819 Intulerit
586 2765 673 2830 Latio,
690 2769 779 2834 spreta
795 2782 846 2828 me,
864 2765 966 2830 Troius,
983 2766 1070 2834 inquit
1087 2763 1180 2828 (Juno)

378 2885 381 2898 ,
451 2850 534 2902 Exsul
551 2849 723 2912 Dardaniam,
741 2849 824 2902 ethis
841 2849 950 2903 numina
968 2853 1047 2916 napta
1064 2853 1181 2917 penates.

220 2982 376 3047 Junonem
411 3002 518 3066 quam
547 2983 721 3046 maximum
756 2981 978 3047 detrimentum
1015 2983 1201 3047 inferentem
1236 2984 1312 3054 10011Ι

198 3097 200 3101 ’
220 3081 495 3168 Hannibalemque
517 3084 558 3146 ab
580 3105 618 3147 ea
639 3083 671 3146 in
691 3083 850 3147 Romanos
872 3084 1109 3148 exstimulatum
1129 3084 1229 3166 fingit.

302 3181 361 3247 ΠΙ.
388 3184 479 3266 Τ11111,
495 3204 566 3248 oum
579 3183 730 3247 Romanis
751 3184 806 3247 illa
820 3184 918 3269 pestis
934 3183 1023 3264 adsit,
1034 3185 1143 3248 Venus
1159 3185 1311 3248 auxilium

220 3281 308 3348 Jovis
327 3283 406 3369 petit
427 3289 459 3348 et
474 3284 558 3370 apud
573 3285 669 3367 Verg.
682 3285 700 3347 I
714 3287 775 3348 229
798 3290 829 3348 et
850 3284 935 3370 apud
950 3284 1003 3348 Sil.
1020 3284 1155 3366 111557,
1178 3306 1310 3368 quarum

220 3405 348 3470 preoum
370 3390 589 3465 argumentum
611 3385 695 3470 apud
716 3392 885 3470 utrumque
911 3384 995 3450 idem
1018 3385 1189 3470 eademque
1211 3385 1310 3450 forma

220 3505 402 3570 expressum
424 3491 480 3550 est.

269 3651 336 3704 Aen.
366 3649 458 3706 1241:
537 3669 616 3720 quom
634 3653 681 3707 das
698 3654 786 3718 finem,
803 3670 850 3706 rex
867 3670 971 3732 magne,
989 3647 1131 3706 laborum?

270 3736 317 3788 sil.
334 3735 376 3787 111
392 3731 456 3788 559:
474 3736 538 3796 Quis
556 3753 658 3804 poenae
676 3737 770 3788 modus
787 3739 833 3790 aut
850 3737 979 3805 pereundi
996 3736 1131 3800 terminus,
1149 3751 1194 3788 oro

473 3843 475 3848 ·
566 3820 699 3874 Aeneadis
716 3821 785 3872 erit?
816 3817 818 3821 ⁴

220 3969 311 4043 Quae
325 3967 346 4031 J
347 3968 471 4052 uppiter
486 3969 559 4032 111110
573 3969 751 4052 respondet,
773 3969 858 4053 apud
871 3975 1037 4053 utrumque
1058 3974 1184 4051 poetam
1200 3967 1311 4032 eadem

221 4073 293 4131 sunt
315 4067 485 4153 eodemque
513 4068 620 4134 ordine
646 4070 805 4134 collocata.
848 4070 1035 4134 Oonsolatur
1062 4070 1144 4132 enim
1165 4068 1312 4153 luppiter

220 4168 378 4233 Venerem
399 4169 485 4234 hisee
505 4169 624 4234 verbis:
647 4169 732 4256 apud
746 4170 874 4254 Verg.I
893 4173 968 4234 257:
990 4167 1090 4234 Parae
1110 4175 1205 4250 metu,
1227 4168 1311 4252 apud

105 4263 109 4272 “
221 4268 275 4339 Sil.
284 4269 334 4336 ΙΠ
346 4271 419 4338 571ε
439 4269 527 4339 Pelle
542 4275 660 4353 metus,
675 4292 749 4338 nam
764 4271 876 4353 omnia,
891 4292 972 4360 quas
987 4271 1163 4356 obstabunt,
1175 4269 1311 4340 Romani
