3244 4996
754 359 939 420 ..8.-

390 538 452 602 Sed
474 544 516 602 ut
543 538 583 602 ad
609 559 676 602 rem
704 537 804 622 ipsam
838 535 973 618 redeam,
1005 538 1143 602 omnium
1174 538 1390 624 episodiorum,

306 660 388 723 quae
403 637 497 702 Silius
512 637 551 701 ad
567 639 746 722 exemplum
760 635 911 702 Aeneidis
929 637 1081 724 disposuit
1102 643 1198 722 atque
1220 638 1391 719 exornavit,

305 738 366 803 duo
388 760 503 818 genera
526 759 593 802 esse
615 744 726 801 statuo.
758 736 906 821 'Alterum
927 739 1010 802 enim
1030 759 1138 821 genus,
1158 743 1194 801 ut
1214 738 1259 802 ita
1280 738 1390 820 dicam,

305 860 407 902 meras
428 839 631 920 inventiones,
652 837 765 922 quibus
792 859 833 902 ex
855 837 995 903 Aeneide
1022 839 1190 925 assumptis
1209 860 1259 926 res
1281 860 1391 924 propo·

305 940 366 1024 sita
388 943 564 1019 axomatur,
585 937 737 1018 continet3
757 938 854 1001 altero
870 938 903 1001 in
918 959 1033 1021 genere
1049 944 1269 1022 argumentum
1289 938 1392 1023 ipsum

236 1067 243 1122 j
306 1039 470 1103 annalibus
492 1038 632 1119 debetur,
655 1037 718 1120 sed,
747 1039 1001 1120 quotiescumque
1030 1039 1149 1103 occasio
1171 1038 1246 1103 data
1268 1045 1324 1120 est,
1352 1038 1392 1102 ad

306 1139 439 1223 Vergilii
470 1138 649 1221 exemplum
681 1139 875 1222 componitur
910 1143 941 1202 et
973 1137 1125 1222 dirigitur.
1172 1137 1233 1202 His
1260 1137 1393 1202 adiciam

306 1261 368 1304 non
388 1240 489 1303 nullos
510 1237 698 1301 Punicorum
719 1238 811 1319 locos,
833 1238 887 1322 qui
908 1237 1051 1322 quamvis
1073 1259 1114 1302 ex
1134 1235 1275 1302 Aeneide
1303 1238 1393 1323 petiti
1430 1223 1435 1233 ⁸

307 1341 376 1422 sint,
398 1346 505 1402 tamen
525 1339 628 1402 idonei
649 1359 711 1402 non
732 1343 813 1419 sunt,
836 1337 889 1422 qui
911 1338 994 1402 omni
1010 1359 1051 1402 ex
1065 1343 1155 1424 parte
1170 1359 1240 1402 cum
1251 1338 1393 1422 Vergilio

306 1444 532 1525 comparentur.
833 1509 837 1521 Ι

388 1539 505 1602 Prioris
547 1537 671 1621 generis
714 1542 786 1600 sunt
833 1538 1018 1622 plerumque
1067 1559 1118 1602 res
1164 1537 1393 1622 mythologicae

306 1639 498 1722 deorumque
532 1638 713 1715 ministeria,
756 1658 887 1721 quorum
928 1637 968 1701 ab
1010 1637 1128 1702 auxilio
1162 1659 1213 1702 res
1247 1635 1394 1703 narratae

306 1725 458 1825 proficisci
489 1737 642 1801 videntur.
683 1736 795 1818 Neque
827 1737 928 1800 solum
959 1737 1059 1800 omnis
1090 1737 1179 1819 ratio,
1212 1759 1273 1821 qua
1301 1739 1394 1806 huius

307 1838 391 1902 modi
411 1837 657 1902 machinationes
678 1837 772 1900 Silius
794 1837 974 1922 composuit,
1003 1823 1058 1900 sed
1084 1837 1178 1901 etiam
1201 1839 1394 1922 singularum

214 1963 215 1967 ¹
307 1959 411 2003 rerum
439 1937 605 2021 descriptio
633 1936 721 2000 adeo.
739 1936 881 2020 congruit
913 1957 984 2000 cum
1017 1935 1167 2020 Vergilio,
1198 1944 1232 2000 ut
1266 1938 1394 2002 dubium

309 2056 376 2102 esse
404 2058 465 2101 non
493 2036 600 2122 possit,
627 2037 703 2118 quin
730 2036 780 2099 hic
810 2036 849 2100 sit
869 2035 954 2099 illius
981 2041 1096 2106 auctor
1137 2037 1249 2119 Itaque
1274 2037 1394 2114 Brand7

308 2144 442 2203 stactero
464 2158 526 2216 non
549 2136 720 2222 adstipulor
730 2135 762 2219 ¹),
793 2136 846 2218 qui
871 2136 902 2198 id
931 2157 1036 2220 agens,
1063 2143 1105 2200 ut.
1124 2137 1241 2223 primas
1268 2138 1307 2202 de
1328 2139 1396 2202 Silii

308 2238 445 2303 fontibus
466 2243 572 2320 partes
586 2236 687 2300 Ennio
702 2237 847 2319 assignet,
870 2236 957 2300 dicit:
982 2258 1041 2318 ,ex
1055 2236 1156 2302 Ennio
1177 2238 1280 2324 potius
1301 2260 1397 2324 quam

309 2361 326 2403 e
352 2337 492 2423 Vergilio
525 2336 569 2401 dii
600 2337 633 2400 in
659 2337 780 2400 Punica
809 2336 956 2400 videntur
983 2335 1173 2402 transiisse“.
1227 2338 1324 2402 Cuius
1350 2339 1395 2406 rei

308 2438 401 2503 affert
422 2458 558 2515 causam,
579 2457 661 2522 quae
682 2437 782 2516 magis
804 2458 845 2501 ex
865 2437 948 2506 illius
970 2437 1096 2501 oonsilio
1118 2458 1213 2522 quam
1234 2460 1251 2502 e
1272 2460 1306 2503 re
1327 2439 1396 2521 ipsa

307 2538 406 2602 fluxit.
448 2537 531 2601 Dicit
553 2537 646 2618 enim,
675 2538 820 2622 quoniam
848 2538 964 2622 exiguo
991 2543 1113 2601 tantum
1134 2538 1282 2624 temporis
1303 2539 1396 2612 inter·

308 2638 391 2702 vallo
428 2637 521 2701 Silius
559 2659 578 2701 a
608 2637 750 2722 Vergilio
784 2638 875 2719 absit,
918 2638 985 2702 veri
1014 2638 1120 2726 ¹simile
1155 2661 1216 2704 non
1248 2659 1325 2720 esse,
1363 2639 1396 2702 in

307 2739 427 2803 Punica
458 2759 499 2801 ex
529 2736 671 2802 Aeneide
705 2738 780 2802 deos
815 2759 883 2802 esse
918 2739 1095 2821 translatos,
1131 2738 1186 2802 sed
1221 2738 1329 2802 Silium
1365 2739 1396 2802 id

308 2839 410 2924 potius
432 2838 587 2902 studuisse
617 2843 669 2918 „ut
690 2838 798 2921 poesin
818 2837 996 2902 Ennianam
1022 2839 1157 2924 priscam
1186 2844 1280 2919 atque
1309 2838 1397 2904 obso-

308 2941 414 3021 letam,
436 2944 577 3002 sanctam
597 2944 703 3002 tamen
717 2938 991 3021 venerabilemque
1012 2938 1103 3023 quasi
1117 2937 1310 3002 renovaret“.
1335 2937 1396 3020 Sed

308 3041 335 3104 si
354 3040 407 3104 ille
428 3040 475 3103 vir
496 3039 604 3103 doctus
625 3039 671 3120 iis,
693 3059 774 3123 quae
788 3029 1018 3124 Heynaohsrus
1039 3037 1078 3102 de
1092 3037 1203 3120 Ennio,
1224 3038 1291 3104 Silii
1312 3040 1397 3105 fonte

309 3140 463 3221 disseruit,
489 3145 577 3204 tanto
594 3159 691 3224 opere
713 3144 871 3224 permotus
897 3160 959 3202 non
986 3144 1077 3221 esset,
1108 3139 1163 3203 sed
1191 3137 1301 3204 Silium
1329 3139 1396 3202 dili·
1445 3167 1446 3170 ¹

308 3240 433 3323 gentius
455 3261 524 3303 cum
535 3238 676 3324 Vergilio
698 3245 919 3324 comparasset,
940 3245 1023 3303 certe
1045 3238 1259 3319 intellexisset,
1281 3239 1397 3320 quanto

252 3402 254 3408 .
309 3361 402 3423 opere
420 3325 476 3404 illc
498 3341 537 3404 ab
560 3340 618 3403 hoc
646 3339 796 3422 penderet
824 3361 886 3403 non
911 3339 944 3402 in
971 3339 1100 3403 deorum
1121 3345 1275 3422 apparatu
1296 3338 1396 3420 modo,

309 3440 364 3505 sed
386 3440 481 3504 etiam
501 3441 534 3504 in
556 3441 624 3504 aliis
645 3441 748 3504 rebus.

392 3541 453 3605 Sed
481 3542 545 3604 iam
576 3546 796 3604 enumerentur
823 3540 916 3604 huius
947 3539 1071 3624 generis
1101 3538 1291 3604 imitationes
1318 3538 1397 3603 Ver·

309 3642 454 3725 gilianae,
483 3663 561 3727 quas
583 3641 692 3705 eodem
714 3640 831 3723 ordine,
853 3661 913 3725 quo
940 3639 1061 3725 inipso
1083 3641 1220 3704 carmine
1240 3642 1396 3725 leguntur,
1428 3628 1432 3636 ⁸

309 3742 457 3806 afferam:

392 3843 416 3906 I.
446 3843 568 3924 Statim,
595 3849 631 3906 ut
659 3841 821 3906 Ernestius
850 3840 903 3923 ait,
936 3841 969 3904 in
996 3840 1102 3906 limine
1131 3840 1275 3904 carminis
1303 3838 1397 3903 Silius

308 3942 443 4026 Vergilii
469 3943 657 4007 imitatorem
683 3963 717 4012 se
745 3942 857 4028 prodit.
904 3939 1075 4007 Enuntiato
1103 3941 1185 4006 enim
1213 3946 1397 4025 argumento
1475 3979 1480 3994 ι

392 4174 413 4238 ¹)
436 4177 465 4229 F.
489 4176 520 4230 Il.
542 4176 769 4240 Brandstaetarus,
793 4175 833 4230 De
857 4147 926 4228 l'un.
950 4176 995 4234 Sil.
1022 4177 1186 4250 argumento,
1212 4173 1280 4240 stilo,
1302 4174 1398 4230 ornatu

310 4260 421 4335 poetico.
455 4259 615 4333 Vitebergao
632 4255 705 4325 1877,
722 4276 749 4334 p.
766 4255 871 4316 11—13.
