3244 4996
678 407 863 470 ..7-

226 599 261 657 ut
282 593 442 676 Vergilius
471 591 631 675 ingenium
660 596 691 656 et
718 590 853 655 indolem
881 590 1034 674 poeticam
1062 591 1225 656 ostendere
1253 613 1315 655 non

227 693 338 779 potuit.

312 793 381 868 Qua
411 813 446 856 re
479 791 564 878 apud
597 790 707 856 Silium
739 790 871 871 vestigia
898 789 1087 874 'Vergiliana
1121 790 1153 854 in
1184 791 1221 854 iis
1253 813 1314 855 non
1335 781 1365 845 s

228 893 410 975 invenimus,
437 913 518 978 quae
544 891 585 956 ad
612 896 831 976 argumentum
858 890 961 976 ipsum
989 891 1153 974 pertinent,
1181 891 1255 975 quia
1281 891 1312 955 in

227 995 318 1058 rebus
339 1000 405 1064 tam
427 991 558 1056 diversis
579 997 705 1078 praeter
726 1011 900 1078 perpaucos
925 991 1008 1054 locos
1030 990 1150 1054 occasio
1171 990 1315 1055 imitandi

225 1093 299 1158 data
319 1115 382 1164 non
405 1098 481 1156 erat.
515 1091 587 1173 Sed,
609 1090 799 1174 ubicumque
819 1091 851 1154 in
873 1090 999 1154 Punicis
1024 1112 1074 1154 res
1095 1097 1204 1175 gestae
1225 1092 1313 1177 epico

224 1215 309 1258 more
336 1192 492 1280 episodiis,
517 1191 770 1275 digressionibus,
799 1191 869 1255 aliis
896 1192 1085 1256 ornamentis
1112 1198 1313 1257 conectuntur

224 1300 280 1358 ant
295 1298 494 1373 exornantur,
512 1292 742 1377 conspiciuntur
756 1291 884 1373 fructus,
899 1311 976 1373 quos
987 1291 1081 1356 Silius
1096 1292 1313 1376 eVergilianis

224 1393 335 1457 studiis
356 1397 491 1478 ceperat.
526 1391 609 1455 Nam
633 1413 739 1455 omnes
760 1391 826 1455 fere
847 1391 1044 1466 huiusmodi
1064 1392 1148 1456 locos
1169 1392 1209 1456 ad
1229 1393 1313 1457 illius

225 1495 403 1576 exemplum
431 1492 617 1577 compositos
645 1497 676 1556 et
703 1492 879 1555 elaboratos
911 1513 987 1571 esse,
1018 1513 1080 1555 non
1110 1492 1154 1555 ita
1188 1491 1314 1558 difficile

43 1586 47 1594 ’
156 1587 159 1592 ’
223 1599 271 1656 est
292 1593 460 1656 intellectu.
496 1592 618 1667 Quibus
639 1591 777 1656 maxime
798 1592 874 1655 locis
894 1592 988 1655 Plinii
1008 1591 1048 1654 de
1069 1592 1144 1656 Silio
1166 1592 1313 1656 iudicium

223 1691 286 1778 (ep.
306 1693 356 1756 ΙΠ
378 1691 408 1772 7)
439 1693 534 1777 plane
555 1713 664 1756 rerum
686 1691 866 1755 habendum
893 1713 960 1756 esse
982 1691 1058 1754 mihi
1078 1691 1210 1756 videtur.
1251 1693 1313 1757 Hic

224 1792 310 1858 enim
342 1792 437 1856 Silius
473 1791 513 1856 ab
548 1791 696 1855 historiae
731 1791 862 1855 vinculis
897 1787 1048 1856 liberatus
1086 1792 1146 1856 etsi
1181 1813 1222 1856 ex
1257 1815 1313 1858 suo

224 1893 349 1978 ingenio
367 1893 486 1976 fingere
508 1892 618 1978 potuit,
646 1896 763 1974 tamen,
794 1891 877 1976 quod
898 1892 999 1955 Plinio
1028 1899 1154 1956 auctore
1180 1914 1254 1957 cura
1280 1894 1312 1958 in

223 2015 261 2059 eo
286 1993 385 2058 maior
410 2000 478 2057 erat
504 2013 599 2077 quarn
625 1991 795 2076 ingenium,
817 1991 992 2072 Vergilium
1021 1993 1054 2056 in
1081 2014 1172 2057 usum
1199 1994 1312 2059 iterum

141 2130 143 2134 ·
223 2098 318 2178 atque
339 2094 453 2158 iterum
468 2113 580 2156 vocare
601 2112 696 2176 quam
718 2112 788 2154 curn
808 2093 863 2155 illo
884 2091 924 2155 ad
946 2097 1102 2155 certamen
1124 2092 1312 2158 descendere

222 2194 342 2276 maluit,
369 2213 470 2278 equo
491 2193 609 2257 victum
635 2212 668 2255 se
694 2192 902 2256 discessurum
929 2213 998 2255 esse
1028 2191 1114 2256 haud
1138 2193 1312 2276 ignorabat.

221 2293 334 2378 Itaque
355 2315 425 2358 eum
447 2295 480 2357 in
505 2293 685 2357 universum
711 2292 833 2356 dicatur
844 2291 877 2374 1),
905 2293 1026 2356 nullum
1055 2293 1183 2355 carmini
1209 2293 1311 2359 inesse

222 2393 404 2478 episodium,
436 2393 518 2478 quod
552 2414 593 2457 ex
625 2393 695 2456 aliis
728 2392 916 2456 carminibus
948 2396 1130 2476 excerptum
1165 2413 1227 2456 non
1262 2395 1310 2476 sit,

221 2498 328 2557 tamen
349 2493 429 2558 haec
449 2494 546 2558 rerba
568 2492 713 2578 equidem
735 2493 775 2557 ad
797 2494 897 2557 solum
918 2492 983 2556 fere
1004 2491 1182 2575 Vergilium
1203 2492 1312 2557 referri

221 2615 313 2679 posse
334 2609 519 2680 persuasum
540 2593 651 2670 habeo.
695 2593 778 2657 Nam
800 2593 859 2657 etsi
878 2593 987 2683 negari
1012 2613 1074 2656 non
1098 2597 1211 2677 potest,
1233 2593 1310 2657 alios

221 2699 330 2776 poetas
352 2694 463 2759 Silium
484 2715 546 2758 non
566 2715 638 2759 raro
662 2695 695 2758 in
715 2715 806 2758 usum
828 2714 966 2776 vocasse,
994 2699 1029 2756 ut
1050 2692 1233 2774 Homerum,
1259 2693 1309 2756 cui

220 2794 334 2858 multos
363 2793 457 2858 debet
475 2783 629 2858 *carminis
657 2799 784 2858 ornatus
811 2814 837 2857 e.
865 2814 894 2876 g.
924 2793 1027 2878 μάχην
1053 2793 1309 2875 παραποτάμιον

220 2891 268 2972 (Il.
299 2893 389 2975 XXI,
421 2895 482 2958 328
513 2931 555 2942 -
587 2893 640 2958 Sil.
667 2893 725 2976 IV,
757 2895 819 2958 640
844 2892 898 2976 ff),
927 2899 1033 2956 tamen
1062 2892 1183 2956 nullum
1210 2892 1308 2955 olium
1411 2897 1412 2900 ’

220 2992 368 3076 invenies,
390 2995 478 3059 ouius
498 2995 632 3080 vestigia
654 2995 732 3060 adeo
754 2994 911 3080 presserit,
932 2999 968 3058 ut
981 2987 1165 3076 Vergilium.
1193 2992 1307 3056 Mirum

221 3098 327 3158 autem
349 3099 405 3177 est,
433 3095 514 3181 quod
544 3115 634 3160 nemo
663 3096 766 3160 adhuc
793 3116 850 3180 per
876 3095 999 3177 singula
1027 3114 1097 3157 earn
1117 3113 1184 3156 rem
1205 3093 1307 3174 perlu-

219 3193 330 3259 stravit
350 3201 476 3278 praeter
497 3194 714 3260 Alexandrum
735 3195 909 3259 Roseaeum
921 3193 953 3274 2).
988 3193 1051 3258 Sed
1071 3193 1163 3256 huius
1184 3193 1308 3256 libellus

219 3295 319 3374 magis
351 3297 542 3382 conscriptus
574 3317 643 3361 esse
673 3295 806 3378 videtur,
837 3301 873 3358 ut
900 3295 974 3358 Silio
1006 3293 1204 3374 obtrectatur,
1236 3315 1307 3357 cum
1401 3344 1403 3347 .

218 3395 296 3458 nihil
317 3395 384 3460 iere
405 3397 465 3459 nisi
487 3395 629 3482 quaein
656 3417 693 3460 eo
714 3394 922 3481 vituperanda
950 3415 1018 3458 esse
1046 3400 1172 3484 censet,
1187 3415 1306 3458 summo

218 3495 320 3560 studio
340 3502 523 3580 congestum
549 3497 597 3577 sit,
623 3516 717 3578 qnam
742 3501 778 3559 nt
799 3495 867 3560 Silii
892 3495 1080 3559 imitationes
1101 3495 1306 3578 Vergilianae

218 3615 388 3677 earumque
416 3597 497 3661 ratio
526 3597 592 3660 sine
618 3596 666 3660 ira
694 3602 725 3660 ct
753 3596 854 3660 studio
886 3595 926 3658 ad
958 3595 1123 3665 discrimen
1149 3600 1306 3658 vocentur.

115 3717 117 3724 ⁴
216 3696 348 3760 Praeter
369 3717 415 3776 ea,
436 3717 499 3781 qua
518 3696 639 3761 ratione
659 3696 692 3761 in
712 3695 863 3760 imitando
883 3694 1025 3778 Vergilio
1047 3695 1141 3758 Silius
1163 3715 1237 3758 usus
1259 3695 1306 3774 sit,

217 3817 279 3859 non
310 3796 444 3880 legimus
475 3797 536 3860 nisi
567 3797 667 3861 obiter
698 3795 801 3862 verbis
834 3801 1108 3860 commemoratum
1135 3795 1167 3857 in
1195 3793 1305 3858 disser-

217 3895 385 3960 tationibus
407 3902 438 3959 et
459 3896 653 3964 editionibus.

300 4128 320 4192 ¹)
338 4130 529 4198 Supplementa
547 4130 647 4181 Sulzeri
664 4108 799 4182 doctrinae
818 4130 914 4182 artium
931 4129 1082 4182 liberalium
1098 4145 1125 4196 p.
1142 4126 1166 4182 7.

299 4217 320 4284 ²)
345 4222 458 4291 Vergilii
481 4223 668 4290 triumphantis
699 4223 760 4275 libri
786 4225 838 4278 tres
868 4222 976 4277 inflante
1002 4222 1155 4277 Alexandro
1181 4221 1304 4278 Rossaeo.

215 4313 381 4371 Rotterdami
398 4310 470 4370 1661.
