3244 4996
660 397 868 458 „21-

268 577 416 632 Aen104:
435 620 439 630 .
459 619 465 630 .
485 617 490 627 .
509 619 515 631 .
534 579 907 646 expectatadiesadorat

268 663 313 714 Sil.
352 660 414 714 304:
433 662 548 729 Jamque
569 663 643 714 dies
660 661 796 728 praedicta
813 662 945 714 aderat.

301 796 392 876 Tum,
408 795 592 880 priusquam
607 794 646 858 ad
662 795 833 858 certamina
851 793 1053 877 descendunt,
1069 807 1158 860 sacra
1178 797 1312 860 faciunt:

270 950 336 1000 Aen.
347 979 349 986 ,
362 943 409 996 77:
435 945 486 996 Hic
503 944 556 996 duo
574 945 623 996 rite
640 961 713 996 mero
731 944 817 996 libans
835 944 971 996 carchesia
988 945 1094 997 Baccho

434 1026 533 1079 Fundit
549 1027 631 1085 humi,
649 1027 701 1078 duo
719 1029 811 1080 lacte
829 1044 905 1091 novo,
923 1027 975 1079 duo
993 1029 1122 1096 sanguine
1141 1046 1240 1080 sacro

435 1112 637 1177 Purpureusque
655 1111 718 1162 iacit
735 1111 846 1163 flores
863 1127 895 1162 ac
912 1111 978 1162 talia
996 1111 1075 1163 latur.

274 1199 319 1249 Sil.
345 1193 409 1247 309:
435 1195 495 1260 Ipse
513 1198 605 1245 tenens
623 1210 693 1245 nunc
711 1195 819 1256 lacte,
837 1210 937 1246 sacro
956 1211 1025 1246 nunc
1042 1196 1123 1261 plena
1141 1196 1231 1259 Lyaeo

434 1279 542 1341 Pocula,
560 1276 698 1329 odoriferis
716 1276 851 1345 adspergit
868 1277 1023 1330 floribus
1041 1294 1109 1330 aras.

302 1413 500 1495 Quamquam
544 1410 617 1475 huic
660 1409 862 1492 similitudini,
905 1431 976 1474 oum
1019 1411 1050 1473 in
1093 1411 1232 1476 eiusdem
1268 1411 1313 1476 rei

222 1513 434 1595 descriptione¹
458 1511 645 1589 inveniatur,
666 1511 709 1581 ‚in
742 1510 922 1574 universum
950 1531 1011 1574 non
1040 1513 1172 1574 multum
1201 1513 1313 1596 tribuo,

136 1621 138 1624 '
221 1619 325 1676 tamen
346 1612 430 1696 apud
452 1611 573 1692 Silium,
595 1616 704 1694 utpote
726 1610 811 1695 apud
837 1631 931 1695 quem
953 1610 1207 1695 frequentissima
1229 1619 1314 1676 certa

219 1712 354 1796 Vergilii
385 1712 519 1796 vestigia
551 1710 756 1796 reperiuntur,
787 1711 882 1795 plane
914 1710 1117 1789 omittendam
1151 1733 1219 1776 esse
1252 1735 1313 1777 non

220 1811 451 1877 affirmaverim.

303 1912 383 1978 Turn
406 1915 464 1978 etsi
485 1933 601 1993 genera
623 1910 767 1974 ludorum
784 1910 873 1995 ,apud
900 1911 970 1974 illos
992 1917 1102 1994 poetas
1128 1911 1314 1998 discrepant,

221 2020 334 2093 tamen,
368 2015 393 2077 si
421 2013 593 2098 respicitur,
621 2031 684 2094 qua
715 2011 836 2074 ratione
866 2018 1024 2074 certamen
1052 2011 1235 2097 dispositum
1265 2014 1314 2093 sit,

221 2115 311 2178 facile
342 2113 544 2196 intellegitur,
577 2112 687 2175 Silium
715 2110 935 2194 Vergilianum
969 2117 1128 2175 certamen
1160 2112 1191 2174 in
1224 2134 1314 2175 usum

219 2236 356 2300 vocasse.
409 2214 479 2277 Hoc
515 2213 559 2276 ita
596 2233 664 2275 esse
701 2230 892 2294 quamquam
928 2231 1035 2274 omnes
1076 2211 1313 2293 adnotaverunt,

220 2305 460 2378 tamen‘mirum
483 2303 540 2394 est,
568 2311 651 2397 quod
679 2332 770 2374 nemo
791 2310 831 2374 ad
852 2309 912 2373 hoc
933 2317 1058 2396 tempus
1087 2311 1315 2389 animadvertit,

220 2414 330 2478 Silium
359 2435 398 2477 ne
427 2413 458 2476 in
486 2412 622 2476 minimis
654 2411 780 2495 quidem
807 2411 901 2474 rebus
930 2432 949 2473 a
974 2410 1116 2493 Vergilio
1146 2411 1314 2475 abhorrere

220 2535 332 2578 ausum
354 2535 431 2578 esse.
458 2512 537 2577 Dico
559 2513 690 2598 primam
712 2511 855 2574 ludorum
878 2517 1016 2596 partem:
1039 2511 1123 2594 apud
1137 2510 1314 2593 Vergilium

219 2613 363 2694 navibus,
385 2613 469 2697 apud
497 2613 550 2677 Sil.
573 2614 713 2677 curribus
734 2612 815 2675 inter
841 2633 874 2675 se
896 2609 1087 2676 contendunt
1109 2611 1231 2674 milites.
1273 2609 1314 2673 Et

220 2735 276 2799 pro
297 2713 415 2777 Siliano
436 2714 562 2796 ingenio
584 2697 656 2776 falli
679 2711 755 2774 mihi
783 2733 845 2774 non
867 2710 984 2792 videor,
1012 2732 1083 2773 cum
1114 2708 1182 2773 dico
1204 2709 1314 2773 Silium

220 2816 353 2878 fortasse
399 2814 539 2878 versibus
585 2811 734 2876 Aeneidis
787 2812 964 2900 ill-150,
1005 2810 1119 2892 quibus
1153 2809 1314 2894 Vergilius

221 2915 412 2978 celeritatem
441 2913 568 2978 narium
599 2933 670 2975 cum
692 2910 833 2974 curribus
855 2915 1026 2995 comparat,
1046 2910 1215 2974 adductum
1238 2931 1316 2990 csse,

222 3021 257 3076 ut
291 3015 321 3077 in
354 3016 454 3100 primo
486 3013 630 3077 ludorum
661 3012 728 3075 loco
761 3031 885 3074 cursum
917 3009 1143 3094 quadrigarum
1176 3016 1315 3095 poneret.

221 3113 294 3178 Jam
317 3122 487 3200 sequantur
509 3113 736 3192 similitudines,
756 3131 837 3192 quae
859 3110 1077 3174 inveniuntur:

303 3215 443 3278 Primum
475 3223 605 3299 uterque
637 3219 731 3297 poeta
763 3216 926 3275 enumerat
957 3217 1104 3294 quattuor
1134 3210 1226 3290 viros,
1261 3209 1314 3293 qui

220 3315 302 3379 inter
322 3336 356 3378 se
377 3321 507 3379 certant.

303 3413 425 3479 Deinde
455 3436 525 3477 cum
559 3415 647 3498 signo
679 3413 752 3476 dato
778 3407 943 3476 'certamen
977 3409 1167 3490 exordiatur,
1199 3408 1230 3489 ii,
1262 3408 1316 3491 qui

222 3522 374 3598 spectant,
396 3513 564 3599 plaudunt:
877 3504 879 3510 ’

272 3667 338 3717 Aen.
357 3663 419 3717 148:
437 3666 505 3716 Tum
523 3667 648 3732 plausu
666 3665 881 3728 fremituque
901 3662 987 3712 virum
1005 3699 1011 3712 .
1030 3699 1060 3712 ..

272 3749 317 3801 Sil.
356 3745 419 3800 337:
437 3747 620 3811 Conclamant,
639 3749 836 3814 plausuque
854 3745 1006 3796 fremunt

307 3881 387 3944 Tum
404 3880 488 3965 apud
499 3879 610 3943 Silium
625 3902 705 3943 unus
719 3878 852 3962 quisque
863 3876 1048 3940 certantium
1065 3874 1176 3950 eadem
1191 3875 1316 3937 fortuna

223 3981 331 4062 utitur,
346 4002 409 4065 qua
424 3981 508 4066 apud
519 3980 616 4063 Verg.
630 3981 665 4061 is,
684 3978 737 4062 qui
753 3977 886 4041 eundem
901 3977 1004 4040 locum
1023 3975 1055 4037 in
1074 3995 1167 4038 cursu
1182 3974 1315 4038 obtinet:

305 4080 419 4144 Incidit
446 4082 528 4144 enim
556 4081 592 4161 is,
621 4080 674 4163 qui
703 4084 814 4160 quarto
841 4078 918 4140 loco·
937 4074 1104 4155 contendit,
1135 4074 1167 4136 in
1198 4075 1316 4136 malum

223 4180 399 4263 adversum,
439 4201 500 4264 quo
539 4180 729 4266 prohibetur,
768 4177 809 4241 ad
842 4177 938 4241 finem
977 4174 1154 4239 certaminis
1192 4194 1316 4237 currere

223 4280 314 4361 (Aen.
335 4281 366 4345 V
389 4283 448 4344 202
471 4317 510 4327 -
533 4280 585 4345 sil.
607 4278 688 4342 XVI
710 4276 792 4358 406).
