3244 4996
675 394 876 454 ...5-“
984 398 991 410 ”

224 580 279 640 aut
300 572 352 654 (de
374 573 458 636 fama
479 572 625 653 dictum):
727 643 731 656 ,

197 743 201 756 ’
273 725 340 778 Aen.
357 725 395 776 IV
413 721 476 776 188:
494 725 561 776 Tam
577 725 633 777 ficti
649 725 778 792 pravique
795 728 876 777 tenax
895 741 975 797 quam
993 726 1085 776 nuntia
1103 726 1166 778 veri.

274 809 320 862 sil.
339 807 394 860 'VI
411 804 475 860 554:
493 807 564 860 Vera
581 825 613 861 ae
630 809 692 860 ficta
710 809 788 860 simul
805 808 948 876 spargebat
966 808 1039 860 fama
1056 825 1104 876 per
1120 808 1221 860 urbem.

306 957 415 1022 Silium
431 956 480 1020 his
494 957 636 1021 versibus
649 944 785 1041 Vergilii
805 958 888 1021 locos
903 976 980 1040 quos
995 957 1146 1042 adscripsi
1159 957 1315 1021 imitatum

224 1079 299 1137 esse,
319 1071 376 1144 'per
398 1079 431 1121 se
454 1058 529 1121 satis
557 1057 634 1120 mibi
661 1079 724 1120 non
744 1065 853 1140 patere
875 1057 1016 1138 videtum
1030 1057 1114 1140 quod
1134 1057 1315 1121 imitationis

221 1158 556 1243 documentaprorsus
578 1157 691 1222 desunt
713 1163 744 1221 et
765 1157 798 1222 in
811 1157 915 1222 verbis
937 1157 1021 1221 etin
1043 1158 1219 1239 sententiis3
1241 1179 1314 1223 nam

221 1281 271 1323 res
292 1259 361 1343 ipsa
383 1278 488 1321 secum
510 1257 581 1338 fert,
602 1279 683 1343 quae
705 1258 748 1322 ibi
769 1258 853 1322 dicta
875 1263 955 1321 sunt.

175 1378 179 1383 ·
257 1405 260 1412 ι
305 1357 396 1432 Quod
417 1357 552 1442 denique
567 1358 737 1424 Schererus
758 1358 832 1422 dicit
853 1359 892 1422 de
914 1357 1015 1444 poetis
1033 1358 1066 1421 in
1084 1379 1174 1421 usum
1189 1359 1316 1437 vocatis,

222 1479 355 1542 quorum
376 1458 515 1536 carmina
536 1479 618 1521 nunc
644 1457 808 1544 deperdita
833 1458 966 1544 ideoque
995 1458 1083 1521 nobis
1108 1458 1216 1541 ignota
1243 1463 1315 1521 sunt

221 1558 273 1622 vel
293 1557 457 1632 imitatoris
478 1557 670 1643 temporibus
692 1558 823 1622 obscura
843 1565 941 1639 erant,
961 1556 1020 1622 hoc
1040 1557 1146 1640 aliqua
1166 1564 1315 1643 exparte
1354 1597 1356 1602 ·
1384 1593 1387 1596 ·

206 1659 254 1733 ‚in
276 1658 384 1722 Silium
412 1657 567 1743 quadrare
593 1657 735 1721 arbitror.
778 1658 934 1732 Quoniam
966 1659 1048 1722 enim
1076 1663 1205 1748 constat,
1232 1653 1341 1742 quods
1375 1737 1378 1750 Ι

222 1758 350 1841 quidem
382 1780 399 1822 o
431 1758 615 1843 fragmentis
647 1757 852 1846 demonstrari
886 1764 1000 1844 potest,
1036 1757 1146 1824 Silium
1178 1757 1314 1822 Ennium
1365 1827 1366 1830 ,
1470 1761 1474 1766 '

222 1857 393 1922 identidem
412 1857 568 1922 imitatum
590 1879 668 1941 esse,
697 1880 759 1922 non
784 1880 956 1943 numquam
980 1879 1044 1922 una
1070 1878 1141 1920 cum
1163 1857 1314 1942 Vergilio,

221 1958 314 2022 facile
350 1958 418 2021 fieri
452 1957 564 2044 potest,
600 1958 660 2022 nisi
694 1958 788 2046 huius
822 1959 869 2023 rei
900 1959 1052 2023 rationem
1084 1957 1247 2036 habemus,
1280 1963 1315 2022 ut

221 2048 365 2142 Vergilio
388 2057 611 2140 adscribamus,
634 2057 716 2143 quod
738 2058 839 2123 Ennio
861 2058 966 2144 potius
986 2057 1186 2122 tribuendum
1209 2062 1265 2121 est.

303 2157 377 2222 Hae
399 2164 471 2222 sunt
492 2178 616 2239 causae,
638 2158 752 2241 quibus
773 2155 927 2222 adductus
949 2180 1028 2239 sum,
1042 2219 1044 2226 ,
1057 2164 1093 2220 ut
1120 2164 1211 2248 caute
1236 2156 1314 2220 iudi·

222 2280 293 2323 care
324 2281 387 2322 non
418 2258 513 2322 nullis
549 2259 582 2321 in
621 2258 697 2322 locis
730 2280 824 2343 quam
854 2264 972 2322 temere
1004 2257 1130 2322 modum
1162 2257 1314 2322 excedere

222 2359 357 2441 mallem,
387 2380 466 2423 neve
487 2357 630 2442 Vergilio
658 2359 861 2444 assignarem,
889 2379 971 2444 quae
1000 2380 1041 2422 ex
1070 2358 1125 2422 illo
1153 2365 1315 2442 assumpta

223 2480 292 2523 esse
314 2459 445 2523 fortasse
466 2448 656 2523 viderentur.

305 2559 394 2634 Quae
423 2559 528 2622 autem
557 2559 652 2623 Silius
679 2581 697 2624 e
722 2558 866 2643 Vergilio
893 2559 1018 2645 petierit
1046 2564 1078 2623 et
1103 2581 1166 2644 qua
1193 2559 1314 2623 ratione

221 2660 254 2723 in
274 2660 408 2738 iisusus
430 2659 478 2740 sit,
498 2659 598 2723 tribus
620 2681 637 2724 e
658 2661 752 2724 rebus
773 2660 908 2744 intelligi
929 2680 1020 2746 posse
1043 2680 1170 2723 censeo:
1193 2682 1210 2724 e
1232 2681 1314 2724 com·

221 2761 382 2847 positionis
414 2767 490 2842 arte,
523 2782 563 2825 ex
598 2761 822 2826 imitationibus
854 2761 1047 2845 singulorum
1079 2782 1235 2842 versuum,
1273 2782 1314 2824 ex
1418 2840 1422 2847 Ι

222 2861 403 2927 elocutione.
459 2860 534 2924 Tria
572 2860 667 2945 igitur
705 2862 738 2924 in
776 2861 882 2946 capita
919 2860 1172 2926 dissertationem
1210 2881 1314 2926 meam

221 2962 415 3028 distribuam.
1239 2979 1242 2988 ’
