3244 4996
767 350 974 416 *36*

589 538 759 606 Pugnantum
779 537 897 602 ducibus,
915 553 1062 604 saevaeque
1080 538 1107 588 in
1125 536 1210 588 Marte
1228 552 1366 588 secures

588 620 703 671 Perfossi
720 621 830 687 clipei
847 625 873 672 04
890 622 1023 673 servantia
1040 622 1094 672 tela
1111 611 1255 683 cruorem(

589 703 826 769 Olaustroque
844 703 1168 776 portarumpendent.

407 821 438 899 4)
461 821 523 884 alia
545 819 660 884 diversi
681 821 820 903 generis:

372 956 438 1008 Aen.
457 956 496 1007 IV
513 953 578 1007 209:
597 994 803 1008 .........
822 956 992 1022 caecique
1009 956 1037 1006 in
1055 955 1206 1008 nubibus
1223 955 1323 1022 ignes

596 1039 751 1091 Temificant
769 1040 871 1091 animas
889 1042 915 1090 ct
937 1039 1058 1089 inania
1076 1054 1247 1089 murmura
1269 1037 1416 1090 miscent

372 1122 417 1174 Sil.
436 1122 491 1172 XII
508 1119 572 1174 628:
596 1161 801 1176 .........
820 1138 958 1174 caecum
976 1139 989 1173 o
1008 1121 1158 1172 nubibus
1175 1121 1288 1188 ignem

594 1205 827 1271 Murmuraque
845 1222 861 1256 a
878 1205 964 1256 ventis
981 1204 1124 1256 misceri
1141 1220 1229 1255 vona
1247 1202 1359 1255 docebat

406 1319 433 1381 5)
451 1320 557 1374 V.,Ecl.
575 1322 613 1372 IV
631 1317 676 1372 14:
695 1322 773 1372 Irrita
791 1324 919 1388 perpetua
937 1321 1076 1372 solvent
1093 1319 1284 1370 formidine
1301 1324 1416 1371 terras

406 1404 451 1454 Sil.
469 1404 538 1455 XIII
554 1402 617 1456 893:
698 1405 738 1456 Ac
755 1405 863 1456 tandem
886 1408 992 1456 terras
1016 1404 1096 1470 longa
1118 1402 1294 1454 formidine
1312 1404 1417 1455 solvet

405 1519 436 1600 6)
465 1521 496 1585 40
527 1522 615 1585 404440
647 1522 833 1596 narrationis
865 1521 1053 1585 calamitatis
1086 1519 1206 1600 dicitur,
1236 1518 1415 1604 Apollinem

321 1623 429 1704 procul
452 1622 491 1686 ab
513 1623 591 1686 urbe
614 1622 746 1686 afuisse:

370 1755 437 1806 Aen.
456 1755 468 1804 I
486 1751 550 1806 568:
571 1754 641 1807 Nam
656 1758 711 1806 tam
731 1770 864 1806 aversus
881 1771 979 1821 equos
994 1754 1074 1819 Tyria
1092 1753 1137 1806 Sol
1155 1755 1258 1822 iungit
1277 1754 1315 1806 ab
1333 1754 1415 1806 urbe

370 1834 552 1890 si1.XV334:
571 1837 622 1889 Sed
641 1837 699 1903 quis
717 1853 848 1889 aversos
872 1837 1010 1888 Phoebum
1034 1840 1096 1888 tunc
1118 1838 1252 1904 iungere
1277 1834 1315 1889 ab
1337 1837 1414 1890 urbe

569 1920 699 1972 Romulea
718 1919 850 1972 dubitaret
868 1935 982 1986 equos.

653 2052 784 2116 Praeter
806 2075 843 2117 ea
866 2052 1079 2116 conferantur:

402 2169 484 2233 Aen.
511 2169 527 2231 I
555 2157 626 2232 423
643 2169 674 2232 ff.
695 2205 737 2214 —
759 2169 813 2232 Sil.
841 2169 874 2232 Π
902 2171 962 2232 406
991 2168 1038 2249 ff.;
1067 2167 1183 2253 Georg.
1210 2170 1260 2232 ΙΠ
1289 2173 1347 2234 311
1373 2207 1412 2218 —

320 2268 373 2333 Sil.
401 2269 450 2331 111
478 2270 556 2350 2743
591 2268 670 2333 Aen.
699 2269 765 2332 VH
798 2271 857 2332 732
889 2305 931 2312 -
961 2269 1013 2332 sil.
1046 2269 1095 2332 ΠΙ
1127 2271 1205 2351 2783
1237 2269 1316 2334 Aen.
1349 2271 1413 2334 VII

320 2372 485 2433 623-640
506 2407 547 2416 -
569 2369 622 2432 Sil.
644 2369 691 2432 IV
715 2372 852 2450 12-253
875 2368 954 2433 Aen.
973 2369 1054 2432 VIII
1076 2372 1136 2433 266
1158 2407 1198 2413 —
1222 2370 1321 2435 Sil-V
1335 2371 1412 2451 4413

319 2469 398 2534 Aen.
420 2470 484 2532 VII
509 2469 569 2533 687
598 2507 639 2514 —
669 2468 722 2532 Sil.
744 2469 824 2533 VIII
853 2472 929 2550 4953
957 2468 1037 2533 Aen.
1065 2469 1097 2532 X
1125 2473 1184 2534 207
1213 2509 1255 2516 —
1283 2470 1336 2534 Sil.
1364 2471 1412 2534 XI

319 2571 396 2650 4933
424 2569 503 2634 Aen.
531 2569 580 2632 XI
609 2572 658 2634 24.
683 2573 721 2633 25
744 2608 782 2615 -
807 2570 860 2634 Sil.
883 2570 947 2633 XV
968 2573 1046 2650 3953
1075 2569 1153 2634 Aen.
1175 2570 1206 2634 X
1229 2573 1289 2634 892
1311 2570 1343 2634 ff.
1370 2609 1413 2618 -

319 2669 372 2733 Sil.
394 2669 491 2734 XVII
515 2672 573 2733 135
596 2669 643 2750 ff.;
665 2670 744 2734 Aen.
759 2670 824 2734 VII
845 2673 905 2734 533
928 2706 968 2714 -
991 2670 1043 2734 Sil.
1061 2671 1234 2734 xviima
1255 2671 1411 2750 (1V171).

400 2870 458 2934 III.
480 2870 751 2953 similitudinibus,
774 2891 855 2953 quae
872 2877 996 2935 exstant
1010 2871 1043 2936 in
1057 2870 1214 2954 religionis
1237 2876 1268 2934 et
1289 2871 1409 2955 mytho·

317 2970 420 3053 logias
442 2971 544 3051 rebus,
566 2993 628 3034 uon
649 2972 782 3033 multum
797 2972 909 3052 tribuo,
931 2971 1004 3055 quia
1020 2970 1202 3056 saepissime
1223 2971 1410 3035 ceommuni

318 3070 403 3134 fonto
434 3071 568 3134 haustae
601 3071 716 3148 sunt1).
757 3071 914 3153 Pleraque
951 3072 1043 3152 enim,
1080 3089 1162 3152 quae
1195 3078 1338 3156 spectant
1369 3071 1410 3135 ad

316 3170 551 3254 mythologiam,
572 3172 634 3234 iam
653 3171 693 3234 ab
708 3172 931 3256 antiquissimis
946 3172 1138 3256 temporibus
1154 3193 1278 3257 semper
1300 3172 1409 3236 eodem

317 3271 407 3334 modo
437 3271 477 3334 ab
506 3272 647 3336 omnibus
675 3272 775 3357 poetis
803 3278 937 3336 tractata
966 3277 1046 3354 sunt,
1075 3279 1110 3336 04
1136 3271 1343 3334 difficilimum
1371 3273 1410 3335 sit

317 3377 465 3454 statuere,
488 3379 613 3457 poetam
635 3372 770 3456 aliquem
793 3372 841 3435 his
862 3373 895 3434 40
915 3373 1009 3436 rebus
1029 3372 1112 3436 huno
1135 3378 1190 3435 aut
1208 3372 1297 3434 illum
1312 3372 1409 3456 sequi.

317 3471 407 3545 Quod
430 3472 526 3555 igitur
548 3472 632 3557 apud
655 3472 764 3535 Silium
786 3473 869 3537 Juuo
891 3473 1042 3537 Romanis
1063 3472 1188 3535 inimica
1210 3479 1258 3535 est
1283 3478 1338 3535 aut
1366 3471 1408 3534 dii

316 3571 380 3635 fato
409 3573 530 3636 subacti
559 3579 630 3636 sunt
662 3579 717 3636 aut
759 3573 951 3657 singulorum
988 3573 1116 3636 deorum
1152 3578 1324 3657 potestates
1354 3576 1409 3635 aut

316 3672 416 3735 cultus
453 3673 570 3736 formae
608 3673 834 3754 describuntur,
868 3694 930 3736 000
967 3679 1023 3754 est,
1058 3694 1113 3735 cur
1147 3673 1256 3736 Silium
1284 3672 1363 3735 haec
1391 3691 1408 3734 0

315 3772 455 3857 Vergilio
491 3774 618 3859 petiisse
651 3773 884 3837 contendamus.
927 3772 1010 3835 Nam
1043 3773 1153 3836 eadem
1185 3773 1246 3836 iam
1279 3778 1408 3835 narrata

316 3873 449 3936 suntab
471 3873 583 3955 Ennio,
605 3873 728 3955 Ovidio,
750 3874 827 3936 aliis.
870 3872 1051 3947 Eiusmodi
1073 3875 1159 3938 locus
1182 3881 1244 3937 est:

363 4005 430 4059 Aen.
447 4006 515 4057 VIII
533 4000 596 4058 139:
615 4045 868 4059 ...........
888 4008 973 4068 Quem
991 4007 1104 4060 candida
1121 4007 1192 4058 Maia

613 4088 740 4154 Cyllenae
758 4090 846 4158 gelido
866 4094 1023 4158 conceptum
1041 4091 1138 4142 vertice
1155 4089 1224 4140 fudit

363 4172 409 4224 Sil.
426 4173 467 4222 III
485 4170 548 4224 203:
611 4172 660 4223 Oui
677 4173 772 4242 gelidis
790 4175 876 4225 almae
895 4173 1017 4238 Cyllenes
1034 4173 1120 4224 editus
1138 4173 1228 4224 antris,
1305 4205 1308 4211 ·

398 4303 416 4366 ¹)
435 4305 494 4356 vide
513 4305 678 4356 Schercrum.
