3244 4996
634 371 842 466 ..31..¹

243 587 269 652 7)
294 590 360 642 Aen.
378 589 405 640 X
421 587 484 642 625:
541 590 696 641 Hactenus
713 587 852 639 indulsisse
869 591 971 639 vacat

294 672 339 724 Sil.
357 672 438 724 XVII
454 669 518 724 374:
543 672 697 732 Quatenus
715 670 854 721 indulsisse
871 673 971 722 vacet
1272 699 1275 706 ·

242 753 269 816 8)
292 755 359 808 Aen.
378 755 417 806 IV
434 752 497 806 135:
540 755 598 807 Stat
614 755 720 821 sonipes
737 757 764 805 et
779 753 855 826 irena
870 753 945 804 ferox
963 752 1147 819 spumantia
1164 752 1286 803 mandit

294 838 339 890 Sil.
357 837 382 888 V
400 835 462 890 147:
542 837 599 889 Stat
621 837 726 904 sonipes
747 840 910 902 vexatque
928 835 1003 886 ferox
1021 835 1185 887 humentia
1203 835 1286 887 frena.

242 919 258 973 9
293 922 361 973 Aen.
379 921 447 972 VIII
466 917 512 972 cl:
542 922 670 973 honorem
688 921 832 972 Per-solves.
866 919 923 986 Ego
941 935 1007 970 sum.

293 1005 340 1056 Sil.
357 1004 397 1055 IV
413 1001 476 1056 738:
543 1005 677 1071 persolves
695 1042 700 1055 .
721 1044 726 1055 .
744 1042 750 1054 .
769 1005 889 1054 honores.
924 1001 1046 1068 Namque
1064 1017 1113 1068 ego
1130 1017 1187 1052 sum

226 1086 269 1150 10)
293 1087 359 1140 Aen.
377 1087 418 1138 IX
435 1085 498 1139 794:
541 1104 667 1140 converso
685 1086 791 1139 cardine
809 1089 914 1152 torquet
932 1084 1053 1136 Obuixus

293 1171 339 1223 Sil.
357 1170 426 1221 XIII
444 1168 507 1222 251:
542 1171 649 1223 cardine
667 1186 742 1223 verso
760 1169 858 1222 Obnixi
875 1172 1007 1236 torquent.

276 1321 417 1385 Alterius
446 1321 569 1404 generis
597 1341 705 1384 versus
735 1340 796 1382 non
823 1323 994 1398 mutantur,
1027 1316 1101 1402 quia
1133 1317 1216 1380 omui
1246 1337 1286 1379 ex

196 1422 336 1506 partein
360 1421 546 1484 senteutiam
568 1419 731 1505 quadrant.
759 1418 829 1482 Hoc
848 1439 948 1502 genus
967 1411 1051 1501 apud
1066 1422 1175 1499 poetas
1189 1417 1287 1480 multo

199 1521 295 1584 rarius
316 1521 471 1606 reperitur
493 1542 587 1605 quam
609 1521 703 1605 prius.
745 1518 840 1605 Apud
862 1518 973 1582 Silium
998 1517 1173 1604 complures
1194 1515 1287 1580 huius

196 1621 318 1703 generis
351 1641 460 1684 versus
492 1621 649 1704 leguntur,
681 1621 712 1682 in
745 1619 858 1705 quibus
891 1617 1075 1702 recipiendis
1111 1617 1177 1680 sine
1213 1623 1295 1702 apto·

194 1719 307 1784 iudicio
343 1720 447 1804 egisse
482 1720 613 1784 videtur.
669 1719 753 1782 Nam
793 1733 984 1804 quamquam
1019 1723 1143 1781 ceterae
1178 1738 1288 1780 versus

194 1827 300 1905 partes
322 1820 515 1885 adverbum
537 1820 708 1885 translatae
730 1826 811 1901 sunt,
826 1835 934 1883 ¹unum
956 1818 1080 1882 omnino
1100 1817 1287 1881 vocabulum

195 1921 328 1985 mutavit
350 1921 445 2005 idque
467 1941 590 2005 semper
610 1920 676 1984 fere
697 1918 862 1984 ridiculum
880 1919 912 1981 in
931 1939 1058 1998 morem,
1079 1931 1149 1984 eum
1169 1917 1287 1982 ineius

195 2022 262 2085 loeo
296 2033 512 2107 synonymum,
546 2019 628 2105 quod
663 2025 801 2100 vocatur,
838 2019 925 2102 ponit
960 2023 1015 2081 aut
1050 2018 1287 2098 grammaticum

194 2143 359 2186 numerum
380 2121 510 2185 alieuius
532 2120 619 2184 verbi
640 2125 812 2205 permutat:

280 2222 308 2300 1)
344 2222 524 2306 Synonymo
560 2222 592 2284 in
628 2221 707 2283 alius
743 2220 826 2283 vocis
865 2221 931 2283 loeo
966 2220 1066 2304 posito
1101 2218 1287 2302 Vergiliana

194 2323 290 2387 verba
312 2322 423 2386 refert:

244 2488 271 2552 a)
296 2489 363 2542 Aen.
381 2489 448 2540 VIII
466 2486 512 2540 42:
546 2506 579 2540 ne
596 2505 685 2540 vana
702 2491 750 2555 put
751 2504 778 2540 es
739 2488 863 2539 thaec
879 2487 979 2555 fingere
996 2502 1117 2537 somnum

295 2573 341 2626 Sil.
359 2572 427 2622 VIII
444 2569 507 2624 179:
547 2589 580 2624 ne
598 2573 690 2624 falsa
707 2575 784 2638 putes
801 2572 868 2623 haee
885 2571 984 2637 fingere
1002 2585 1123 2620 somnum

244 2654 272 2718 b)
295 2657 361 2708 Aen.
380 2655 448 2706 VIII
465 2653 527 2706 589:
546 2655 639 2715 Qualis
657 2653 703 2705 ubi
721 2652 821 2704 Oceani
838 2653 1002 2720 perfusus
1019 2652 1126 2703 Lucifer
1143 2649 1215 2701 unda

295 2739 340 2791 Sil
359 2738 412 2789 VII
429 2735 493 2788 639:
544 2737 637 2797 Qualis
654 2736 700 2786 ubi
718 2734 818 2786 Oceani
836 2739 982 2786 renovat
989 2751 1026 2786 us
1044 2734 1151 2784 Lucifer
1168 2733 1239 2784 unda

250 2820 275 2882 a)
296 2822 364 2873 Aen.
381 2818 441 2872 I3:
542 2820 678 2870 tamisiae
679 2822 750 2870 tatus
768 2823 793 2870 et
811 2819 885 2870 alto

298 2904 342 2955 Sil.
360 2904 414 2955 VII
431 2900 494 2954 474:
545 2904 621 2954 terris
638 2919 679 2953 1ac
681 2905 795 2953 atuse
784 2901 914 2952 tundis
987 2928 990 2934 ·

249 2984 276 3047 d)
297 2987 361 3039 Aen.
379 2987 420 3038 XI
438 2984 500 3038 135:
543 2990 620 3038 sonat
637 2987 668 3037 io
675 2985 836 3052 tabipenni

298 3069 342 3120 Sil.
358 3070 385 3122 X
401 3067 464 3122 53οι
541 3073 618 3121 sonat
635 3085 673 3121 ac
680 3067 840 3134 tabipenni

252 3149 276 3213 e)
298 3151 363 3205 Aen.
381 3149 486 3203 9455ε
544 3153 611 3203 Tum
629 3152 714 3219 pudor
732 3150 890 3202 incendit

296 3235 341 3287 Sil.
359 3232 453 3286 1493:
544 3235 611 3286 Tum
628 3234 714 3301 pudor
731 3232 902 3286 accendit

256 3315 278 3378 f)
295 3319 362 3370 Aen.
379 3318 448 3369 VIII
465 3314 526 3368 154:
545 3321 581 3368 ut

544 3400 654 3467 Accipio
672 3414 895 3466 agnoscoque
913 3397 1064 3448 libens!t
1029 3401 1064 3447 ut

297 3484 342 3534 Sil.
360 3483 426 3534 XVI
444 3481 507 3536 192
543 3484 691 3544 Quamte
710 3520 840 3534 ......

544 3566 680 3632 Accipio
672 3570 724 3617 1nt
731 3581 884 3630 ueorque
902 3563 1001 3615 libens!
1020 3579 1119 3630 quam

279 3715 311 3794 2)
332 3735 461 3778 numero
483 3716 613 3778 alicuius
633 3714 778 3778 vocabuli
798 3719 934 3778 mutato:

247 3864 273 3927 a)
298 3866 363 3919 Aen.
383 3865 396 3916 I
414 3863 475 3916 127:
529 3866 664 3932 placidum
681 3870 761 3933 caput
779 3865 873 3917 extulit
891 3864 991 3930 unda⁴

298 3949 343 3999 Sil.
359 3949 414 3999 VII
431 3945 494 3999 254:
531 3947 666 4013 placidum
683 3951 763 4014 caput
781 3948 876 4016 extulit
894 3943 1017 4008 undis¹)

247 4031 275 4093 b)
297 4032 363 4084 Aen.
380 4031 434 4082 XII
449 4028 496 4082 84:
531 4031 583 4090 Qui
600 4031 715 4082 candore
733 4031 825 4082 niues
842 4030 981 4082 anteirent.

298 4115 342 4167 Sil.
361 4115 429 4166 XIII
448 4112 510 4166 116:
528 4114 602 4174 Quae
621 4115 734 4167 candore
753 4115 872 4177 nivem,
890 4113 1004 4165 candore
1021 4113 1140 4164 anteiret,

283 4311 302 4375 ¹)
320 4313 445 4364 Extrema
463 4311 544 4363 verba
561 4309 673 4362 redeunt
690 4311 761 4378 apud
780 4310 868 4378 Georg
885 4309 924 4360 IV
942 4305 992 4360 352
1009 4336 1040 4342 -
1059 4309 1104 4361 Sil.
1122 4307 1190 4358 VIII
1207 4303 1264 4359 252.
