3244 4996
658 400 859 461 „25-

214 585 328 668 quibus
356 603 451 666 saepe
473 583 636 668 diiudicari
665 606 726 648 non
746 590 859 666 potest,
887 589 992 646 utrum
1015 583 1109 647 Silius
1129 584 1305 667 Vergilium

195 684 337 746 'secutus
360 683 399 746 sit
421 704 462 747 an
483 683 586 769 potius
609 684 793 765 Homerum,
816 684 904 747 ouius
924 682 1112 747 imitatorem
1130 683 1306 768 Vergilium

213 783 318 861 fuisse,
334 790 369 846 ut
384 804 490 847 omnes
505 791 614 869 poetas
629 786 742 870 epicos,
761 791 869 848 notum
888 791 942 847 est.
974 783 1018 847 Hi
1038 784 1120 846 enim
1131 784 1305 847 Homerum

214 883 398 968 quibusdam
422 884 454 946 in
477 884 618 968 partibus
641 885 739 947 secuti
761 905 939 948 communes
963 883 1115 968 quosdam
1143 885 1225 948 locos
1247 885 1307 948 sibi

214 988 423 1067 paraverunt,
438 985 491 1068 qui
513 985 545 1047 in
567 985 710 1048 omnibus
732 985 797 1048 fere
812 983 1001 1048 carminibus
1023 990 1054 1047 et
1068 983 1153 1069 apud
1168 983 1305 1049 Graecos

213 1089 245 1146 et
274 1083 358 1168 apud
384 1083 544 1148 Romanos
571 1085 688 1168 ubique
717 1085 857 1148 similiter
884 1084 1047 1169 compositi
1072 1091 1152 1148 sunt.
1193 1084 1305 1169 ltaque

213 1203 320 1247 omnes
348 1190 460 1268 poetae
488 1185 677 1248 carminibus
704 1186 788 1249 locos
817 1206 857 1248 ex
878 1184 1009 1248 Homeri
1035 1184 1223 1248 carminibus
1251 1206 1304 1249 ex-

213 1304 336 1368 pressos
362 1284 504 1348 intexere
529 1291 707 1370 potuerunt,
735 1304 926 1369 quamquam
948 1283 1122 1347 Homerum
1149 1285 1251 1370 ipsum
1273 1285 1305 1348 in

213 1383 375 1448 scribendo
390 1385 488 1447 secuti
506 1406 567 1448 non
588 1391 670 1466 sunt,
692 1384 746 1448 sed
762 1386 856 1448 alium
872 1391 1008 1471 poetam,
1030 1385 1085 1469 qui
1100 1406 1152 1449 eos
1166 1384 1305 1448 Homero

213 1482 356 1547 debebat.
382 1484 452 1558 Quo
474 1485 555 1548 circa
577 1486 602 1548 si
624 1491 749 1570 praeter
770 1485 928 1570 quandam
949 1485 1179 1570 compositionis
1199 1485 1304 1550 simili-

213 1583 351 1648 tudinem
381 1590 466 1648 certa
494 1585 690 1666 documenta,
720 1586 832 1667 quibus
860 1585 935 1649 Silio
962 1586 1065 1649 locum
1086 1584 1305 1668 Vergilianum

158 1686 161 1692 '
212 1690 285 1747 ante
301 1685 406 1748 oculos
421 1684 517 1748 fuisse
532 1692 649 1768 pateat,
670 1684 792 1766 desunt,
813 1682 922 1749 dubito
941 1684 1138 1766 contendere,
1158 1685 1305 1749 imitatio-

212 1804 284 1847 nem
296 1784 514 1864 Vergilianam
530 1792 663 1850 exstare.
685 1785 748 1850 Sed
768 1807 834 1850 rem
855 1786 888 1849 in
901 1784 1004 1848 medio
1021 1785 1196 1869 relinquere
1213 1787 1305 1864 malo,

207 1886 396 1968 'praesertim
428 1906 498 1949 oum
533 1885 597 1948 iam
629 1885 669 1948 ab
705 1886 774 1948 aliis
806 1891 1081 1949 commemoratum
1110 1886 1159 1967 sit,
1194 1886 1304 1949 Silium
1362 1911 1364 1916 ·

213 1984 386 2049 Homerum
407 1986 511 2069 ipsum
531 1987 658 2048 nonita
680 2007 750 2048 raro
772 1991 913 2049 secutum
935 2005 1012 2049 esse.

293 2085 435 2148 Primum
457 2093 637 2170 sequantur,
658 2105 739 2166 quae
762 2085 856 2149 Silius
870 2085 1012 2168 Vergilio
1034 2085 1150 2148 debere
1171 2085 1303 2165 videtur,

212 2185 271 2248 etsi
291 2186 324 2248 in
346 2186 476 2269 singulis
498 2186 593 2249 rebus
614 2187 803 2271 comparatio
823 2185 944 2248 institui
966 2207 1028 2249 non
1050 2192 1168 2270 potest:

285 2284 317 2378 1Ι.
339 2285 384 2349 Ut
405 2286 565 2365 Vergilius
585 2287 618 2350 in
639 2287 817 2350 recensione
840 2285 938 2348 Turni
960 2285 1302 2369 copiarumOamillam

211 2385 378 2468 quandam,
399 2386 596 2450 Amazonum
617 2387 768 2470 reginam,
789 2387 929 2450 nominat
950 2385 1027 2466 (VII
1047 2384 1129 2465 803),
1150 2386 1194 2448 ita
1210 2384 1303 2448 Silius

210 2483 250 2546 ad
286 2485 476 2551 Hannibalis
517 2487 688 2552 exercitum
723 2487 876 2568 Asbyten,
915 2486 1112 2550 Amazonum
1152 2486 1302 2571 reginam,

210 2586 377 2650 accessisse
397 2587 489 2670 fingit
509 2587 622 2668 (1156)
643 2607 807 2670 moresque
830 2609 937 2651 earum
960 2593 991 2650 et
1012 2586 1138 2649 habitus
1160 2585 1302 2649 similiter

139 2765 141 2768 Α
210 2686 250 2749 ab
272 2693 403 2772 utroque
425 2688 643 2751 describuntur
664 2687 755 2769 (Aen.
777 2690 837 2752 805
858 2724 900 2733 -
922 2687 976 2751 Sil.
997 2685 1058 2766 68).

291 2787 332 2850 Π.
354 2788 478 2851 Turnus
499 2787 560 2867 (IX
576 2788 648 2866 722)
670 2787 767 2873 portis
788 2809 807 2850 a
828 2786 974 2851 Pandaro
994 2787 1076 2850 inter
1097 2779 1318 2871 pugnandum

208 2887 337 2950 reclusis
356 2888 388 2950 in
407 2894 510 2951 castra
525 2888 730 2952 Troianorum
749 2887 835 2950 nullo
850 2887 962 2951 comite
975 2887 1119 2968 irrumpit
1133 2885 1303 2968 multisque

209 2987 309 3050 caesis
330 3008 371 3051 ex
393 2987 526 3052 adversa
548 2989 676 3076 regione
697 2987 860 3051 incolumis
882 2987 996 3052 evadit.
1039 2987 1131 3050 Hanc
1150 2985 1301 3051 Aeneidis

209 3106 354 3151 scaenam
369 3087 462 3151 Silius
482 3089 514 3152 in
534 3111 625 3152 suum
644 3110 770 3154 carmen
789 3089 949 3152 transtulit
963 3087 1044 3150 XIII
1062 3089 1129 3151 173.
1151 3085 1301 3151 Claudius

208 3186 369 3251 Romanus
391 3189 560 3252 certamine
582 3189 734 3272 singulari
755 3210 825 3252 oum
847 3188 950 3252 Crista
970 3188 1077 3252 Poeno
1098 3188 1192 3268 facto,
1214 3186 1302 3268 cuius
1405 3217 1408 3224 ’

209 3287 270 3351 alio
291 3288 323 3349 in
344 3287 411 3350 loco
429 3287 537 3351 Livius
558 3289 747 3352 mentionem
768 3289 843 3352 facit
864 3287 926 3369 (23,
949 3287 1094 3368 46-47),
1117 3287 1209 3350 simul
1230 3275 1301 3351 curn

208 3387 297 3451 hoste
324 3387 465 3467 fugiente
493 3389 578 3451 nullo
606 3389 718 3452 comite
749 3388 781 3451 in
809 3388 951 3473 Capuam
984 3388 1093 3453 urbem
1126 3387 1302 3470 ingreditur

208 3486 376 3570 evaditque
398 3494 551 3584 experta
573 3487 713 3553 adversa.

290 3587 346 3650 III.
368 3586 533 3652 Ostentum
556 3595 630 3652 ante
651 3610 790 3674 pugnam
816 3589 914 3674 copiis
939 3589 1096 3653 obiectum
1118 3588 1301 3652 Tolumnius

208 3708 310 3770 augur
341 3687 479 3772 explicat
511 3697 542 3753 et
577 3689 651 3753 deos
685 3688 811 3753 Rutulis
845 3688 953 3753 favere
987 3688 1148 3753 affirmans
1175 3689 1238 3752 telo
1268 3690 1327 3774 in,

207 3787 313 3851 hostes
331 3787 425 3852 misso
445 3787 550 3871 efficit,
566 3796 600 3854 ut
615 3790 698 3854 acies
713 3811 825 3852 manus
839 3795 1003 3854 conserant
1017 3788 1108 3870 (Aen.
1122 3789 1197 3872 XII,
1212 3789 1299 3872 266);

208 3945 210 3948 ’
257 3956 281 3989 v.
299 3935 362 3990 266:
380 3938 462 4002 Dixit,
481 3943 507 3990 et
524 3939 648 3991 adversos
665 3942 748 3993 telum
766 3942 943 3992 contorsit
960 3941 994 3992 in
1011 3942 1131 3992 hostes

266 4039 267 4042 Ἴ
290 4070 412 4136 Eadem
433 4093 482 4135 res
505 4072 589 4158 apud
610 4072 721 4136 Silium
741 4074 857 4157 legitur
878 4073 925 4136 IV
949 4075 1023 4141 134:

381 4223 449 4274 'I'um
466 4223 543 4275 dictis
561 4225 684 4276 comitem
701 4229 913 4290 contorquet
931 4225 1032 4292 primus
1050 4226 1082 4276 in
1100 4227 1219 4278 hostes

382 4345 637 4359 ...........
655 4308 768 4360 hastam.
