3244 4996
652 404 859 470 -13-

208 612 344 679 eumque
363 587 475 657 iisdem
490 573 682 676 argumentis
704 612 724 656 a
743 591 870 657 consilio
889 589 1034 656 deterret.
1058 585 1151 674 Nam,
1166 586 1300 673 Desiste,

206 694 320 780 inquit,
340 699 467 775 certare,
485 714 535 758 res
552 692 610 757 tibi
626 713 689 757 non
706 698 753 757 est
770 712 841 756 oum
858 691 1043 774 hominibus,
1060 690 1115 756 sed
1134 712 1205 756 cum
1227 690 1300 773 diis3

209 800 252 877 et,
272 793 354 880 quod
373 793 452 876 dico,
469 814 505 858 re
531 814 607 858 vera
624 792 669 858 ita
686 814 764 875 esse,
781 799 817 857 ut
833 792 952 874 videas,
969 791 1102 856 nebulas
1123 792 1300 857 dimovebo:

219 959 221 966 ¹
260 945 325 998 Aen.
343 943 370 996 II
392 941 455 996 604:
473 943 627 1011 Adspice,
643 959 779 1010 namque
797 959 910 1008 omnem,
927 958 995 1009 quse
1007 958 1078 996 nunc
1090 943 1204 996 obducta
1215 943 1300 996 tuenti

473 1026 599 1079 Mortales
616 1027 724 1080 hebetat
740 1027 811 1078 visus
829 1026 878 1078 tibi
894 1030 921 1079 et
937 1026 1047 1079 humida
1065 1027 1163 1079 circum

473 1109 586 1178 Caligat,
604 1110 724 1177 eripiam,
741 1110 863 1163 nubem
885 1147 1063 1164 ........

258 1192 305 1246 Sil.
322 1191 378 1244 XII
393 1187 456 1246 707:
473 1192 522 1258 En,
539 1209 598 1261 age,
615 1209 762 1260 namque
779 1193 862 1246 oculis
879 1197 969 1247 amota
986 1193 1075 1246 nube
1092 1208 1244 1260 parumper,

474 1273 588 1329 Cernere
605 1280 700 1329 cuncta
717 1276 786 1328 dabo
803 1315 810 1329 .
877 1315 884 1329 .
902 1314 909 1328 .

474 1357 626 1427 Adspice
643 1397 822 1414 ........

209 1475 280 1550 Quo
301 1474 384 1540 facto
404 1474 481 1540 deos
502 1475 561 1540 sibi
587 1474 731 1540 resistere
752 1474 869 1557 vident,
896 1473 1022 1540 Aeneas
1049 1473 1094 1556 (Π
1115 1474 1189 1557 610)
1215 1475 1247 1540 N
1248 1498 1300 1564 ep·

208 1580 319 1639 tunum
350 1574 478 1640 tridenti
512 1574 718 1640 fundamenta
753 1575 865 1640 Troiae
900 1575 1106 1658 quatientem,
1138 1575 1301 1642 Hannibal

208 1682 329 1762 septem
350 1675 471 1741 Romae
492 1676 586 1742 colles
608 1674 709 1759 odiis,
732 1676 867 1762 quitum
888 1682 1089 1742 recensentur
1109 1675 1162 1757 (ab
1183 1699 1213 1742 v.
1228 1676 1301 1759 709)

208 1798 377 1862 possessos.

292 1876 381 1942 VHL
409 1875 489 1942 Cum
510 1877 542 1940 in
564 1874 694 1962 Capuae
716 1875 875 1941 obsidione
899 1897 950 1942 res
976 1876 1040 1941 iam
1063 1877 1096 1940 in
1123 1898 1161 1942 eo
1188 1877 1237 1959 sit,
1265 1883 1300 1942 ut
1341 1959 1344 1964 Ι

209 1975 340 2041 Fulvius
374 1977 525 2061 impetum
564 1977 597 2040 in
635 1976 746 2041 urbem
782 1977 849 2040 fieri
883 1977 1000 2054 iubeat,
1034 1997 1126 2042 omen
1161 1977 1300 2042 faustum

208 2076 358 2141 Romanis
381 2077 520 2170 offertur,
547 2098 650 2158 cerva,
676 2096 758 2159 quae
778 2075 902 2142 Dianae
924 2097 1014 2142 saera
1035 2077 1230 2160 credebatur,
1258 2099 1299 2144 ex

208 2175 286 2240 urhe
307 2176 339 2240 in
361 2176 505 2258 Romana
533 2184 635 2242 castra
663 2177 796 2262 fugiens.
836 2176 886 2240 Ibi
913 2183 1007 2263 capta
1035 2177 1075 2241 ab
1102 2178 1300 2262 imperatore,

208 2276 262 2357 qui
290 2275 349 2340 hoo
376 2297 467 2342 omen
496 2299 564 2343 esse
593 2276 753 2364 Capuanis
780 2277 883 2341 dirum
914 2277 1081 2358 existimat,
1112 2278 1145 2342 in
1175 2277 1299 2344 Dianae

208 2375 358 2440 honorem
378 2383 542 2445 mactatur.
584 2377 677 2442 Unde
698 2377 815 2442 habeat
843 2377 935 2442 Silius
962 2377 1045 2442 hunc
1071 2378 1118 2442 rei
1145 2384 1299 2461 ornatum,

209 2475 236 2539 si
257 2477 457 2562 quaesiveris,
478 2478 510 2541 iu
532 2477 674 2562 Vergilio
695 2477 787 2542 huius
814 2478 976 2562 exemplar
1000 2484 1126 2543 exstare
1152 2478 1299 2544 invenies.

208 2575 291 2640 Nam
323 2576 408 2643 luno
440 2569 511 2643 cum
542 2578 659 2643 bellum
692 2579 774 2642 inter
801 2577 952 2643 Troianos
984 2584 1016 2642 et
1047 2577 1176 2643 Latinos
1209 2600 1299 2644 exar-

208 2676 335 2742 descere
362 2678 448 2760 velit,
476 2700 532 2766 per
559 2677 756 2743 Allectonem
784 2677 889 2759 efficit,
919 2684 956 2741 ut
981 2676 1074 2743 Julus
1101 2685 1299 2743 mansuetum

208 2777 323 2862 Tyrrhi
350 2800 475 2843 cervum
502 2779 678 2860 interficiat,
706 2798 787 2862 quae
815 2798 865 2842 res
891 2776 1005 2841 deindo
1032 2778 1067 2841 fit
1094 2798 1190 2844 causa
1215 2779 1299 2844 belli.

209 2876 318 2941 Silium
345 2878 427 2944 hanc
454 2878 494 2944 de
522 2899 615 2943 cerva
641 2878 851 2942 narrationem
878 2898 919 2940 ex
941 2876 1082 2942 Aeneide
1103 2877 1245 2943 hausisse
1267 2884 1298 2944 et

210 2977 276 3040 sola
301 2999 336 3043 re
364 2979 515 3065 probatur
544 2985 575 3043 et
604 2979 772 3064 praecipue
803 2983 917 3041 natura
948 2977 1187 3064 virtutibusque,
1220 2999 1298 3063 quas

210 3073 282 3140 huic
303 3099 414 3144 cervae
434 3079 551 3144 tribuit.
593 3078 706 3142 Omnia
727 3079 819 3160 enim,
843 3078 956 3164 quibus
978 3098 1102 3142 cervam
1123 3077 1298 3164 praeditam

209 3198 277 3242 esse
306 3179 405 3263 fingit,
434 3200 453 3243 a
478 3178 619 3262 Vergilio
647 3179 710 3242 iam
738 3176 778 3242 de
806 3200 861 3243 suo
890 3179 980 3242 cervo
1009 3177 1192 3264 praedicata
1219 3198 1297 3259 esse,

209 3278 268 3341 etsi
281 3278 379 3343 verba
392 3279 478 3343 nullo
494 3279 561 3342 loco
582 3284 765 3361 congruunt,
787 3283 823 3342 ut
844 3299 939 3363 saepe
960 3278 996 3342 fit
1016 3278 1048 3340 in
1066 3276 1299 3357 imitationibus,

208 3378 301 3444 facile
320 3379 533 3463 intellegimus
554 3398 595 3442 ex
616 3377 676 3441 hae
697 3377 831 3442 tabella:

379 3529 458 3582 Aen.
484 3528 557 3581 VII.
949 3529 1006 3582 Sil.
1033 3527 1129 3582 XIII.

207 3607 270 3664 485:
288 3610 434 3676 Tyrrhidae
450 3611 526 3680 pueri
543 3611 687 3664 nutribant.
778 3608 839 3664 119:
857 3608 967 3679 (Capys)
984 3611 1123 3665 nutrierat.

778 3689 840 3746 119:
857 3709 1000 3761 sensusque
1033 3694 1148 3747 hominis
1187 3692 1299 3745 donarat

91 3769 94 3776 ’
207 3774 269 3831 487:
286 3739 427 3831 adsuetum
443 3778 567 3846 imperiis⁴
878 3771 989 3832 alendo?

779 3855 840 3914 120:
858 3864 939 3913 exuta
956 3860 1049 3912 feram.

207 3940 269 3996 490:
286 3959 446 4011 mensaeque
463 3943 587 3996 adsuetus
603 3944 689 3997 herili
779 3938 840 3997 120:
857 3943 1003 4010 docilisque
1020 3943 1145 3997 accedere
1161 3942 1267 3995 mensis.

160 4093 166 4104 .
207 4022 269 4080 490:
286 4044 396 4080 manum
412 4026 523 4094 patiens.
779 4022 840 4078 121:
857 4025 957 4078 blanda
965 4028 1068 4078 attactu
1074 4025 1207 4093 gaudebat
1214 4025 1300 4079 herili.

206 4107 268 4162 489:
287 4111 462 4178 pectebatqqe
479 4110 572 4162 ferrum.
779 4105 840 4160 122:
857 4107 960 4161 Aureto
979 4110 1077 4160 matres
1094 4107 1220 4162 adsuetae
1237 4126 1299 4178 pec-

877 4190 933 4243 tine
950 4190 1042 4242 mitem
1059 4189 1177 4244 Comere.

206 4273 269 4329 489:
287 4292 406 4344 puroque
423 4277 450 4328 in
468 4277 541 4329 fonte
558 4277 674 4328 lavabat.
779 4272 839 4328 123:
856 4273 978 4328 humenti
992 4274 1071 4325 fluvio
1087 4290 1211 4328 reuocare
1228 4277 1298 4329 colo·

878 4375 942 4411 rem.
