3244 4996
272 1179 354 1260 lnde
375 1197 439 1260 iam
461 1195 502 1259 ab
523 1193 745 1278 antiquissimis
770 1191 962 1276 temporibus
983 1192 1064 1276 inter
1085 1211 1192 1255 omnes
1213 1211 1283 1255 con··

192 1307 263 1382 stat,
284 1301 395 1364 Silium
416 1300 560 1364 Italicum
581 1299 715 1382 Vergilii
735 1298 924 1362 imitatorem
945 1297 1055 1379 fuisse3
1077 1317 1180 1382 neque
1202 1297 1283 1381 quis-

192 1424 298 1488 quam,
328 1401 382 1486 qui
409 1397 448 1464 de
476 1399 553 1464 Silio
584 1399 740 1479 disseruit,
773 1395 875 1463 serbis
912 1397 1089 1484 exprimere
1120 1397 1285 1476 dubitavit,

193 1507 310 1583 quanto
332 1522 425 1587 opere
451 1499 603 1587 penderet
624 1521 643 1563 a
664 1499 803 1563 Marone.
845 1498 929 1573 Quid
955 1503 1060 1561 autem
1082 1499 1128 1561 illi
1149 1498 1285 1580 deberet,

169 1669 173 1678 ,
193 1602 296 1665 nullus
315 1601 381 1670 fere
397 1607 453 1683 est,
475 1601 529 1686 qui
544 1600 584 1664 ad
602 1601 704 1664 acrius
722 1599 871 1664 iudicium
888 1599 1023 1678 vocarit,
1045 1599 1186 1662 omnibus
1202 1600 1285 1662 enim

193 1723 241 1784 ea,
264 1721 345 1786 quae
366 1701 487 1764 Plinius
508 1707 540 1764 et
560 1699 715 1764 Martialis
726 1698 749 1779 1)
770 1699 810 1762 de
835 1699 959 1762 illorum
984 1699 1170 1762 necessitate
1191 1700 1285 1785 scrip-

193 1807 310 1883 serunt,
331 1807 475 1886 repetere
495 1801 571 1864 satis
593 1799 758 1864 videbatur
779 1820 881 1884 neque
902 1798 1080 1862 addendum
1106 1820 1173 1862 esse
1195 1805 1285 1885 puta·

193 1906 276 1982 runt,
297 1900 380 1964 unde
401 1901 524 1964 illorum
545 1899 695 1964 iudicium
715 1899 866 1963 fluxisset.
909 1898 978 1962 Hoc
1005 1919 1075 1962 earn
1097 1898 1137 1962 ob
1159 1920 1286 1962 causam

194 2001 312 2064 factum
327 2021 396 2065 esse
409 2000 543 2082 videtur,
555 1999 637 2085 quod
654 2005 709 2063 aut
724 1999 790 2063 Silii
805 2020 901 2084 opera
917 1999 1019 2062 adhuc
1034 1999 1127 2084 plane
1141 2001 1286 2083 neglecta

192 2107 266 2176 ,sunt
293 2107 349 2164 aut
370 2100 410 2164 de
437 2100 663 2163 imitationibus
683 2099 875 2183 Vergilianis
902 2099 1102 2183 quaestiones
1123 2100 1286 2164 instituere

195 2201 254 2264 viri
274 2199 357 2264 docti
378 2201 568 2286 superfluum
591 2205 749 2285 putarunt,
771 2197 845 2284 quia
867 2219 928 2283 quo
950 2199 1017 2262 loeo
1039 2198 1133 2264 Silius
1154 2200 1287 2284 Vergilii

197 2300 327 2379 vestigia
348 2290 522 2386 pressisset,
544 2301 614 2364 luce
635 2301 750 2364 clarius
771 2305 861 2364 esset.
902 2299 1015 2381 ltaque
1036 2299 1153 2363 factum
1176 2306 1231 2382 est,
1253 2307 1288 2364 ut

127 2415 129 2419 ·
191 2399 236 2463 ad
257 2400 317 2464 hoc
336 2405 470 2483 tempus,
497 2420 579 2482 quae
604 2401 684 2464 ratio
706 2401 788 2464 inter
809 2399 920 2463 Silium
943 2405 974 2463 et
994 2398 1172 2483 Vergilium
1193 2400 1288 2464 inter-

196 2499 332 2578 cesserit,
359 2501 534 2564 accuratius
556 2501 683 2564 anullo
705 2501 882 2584 quaesitum
911 2500 950 2562 sit
976 2505 1102 2584 praeter
1123 2499 1210 2581 duos,
1235 2501 1289 2582 qui

196 2605 303 2663 nostra
317 2599 443 2663 demum
457 2607 561 2664 aetate
582 2600 762 2683 diligentius
780 2599 890 2664 Silium
903 2620 974 2663 cum
985 2599 1116 2663 Marone
1130 2621 1289 2686 compara-

195 2698 348 2779 verunt2).
390 2700 452 2764 Sed
478 2722 549 2764 cum
569 2701 681 2764 horum
703 2700 955 2764 dissertationum
976 2701 1054 2763 fines
1074 2700 1167 2763 nimis
1188 2699 1289 2764 deter-

195 2799 305 2864 minati
327 2801 396 2882 sint,
424 2821 495 2881 uno,
515 2806 550 2863 ut
571 2801 615 2863 ita
637 2800 748 2880 dicam,
776 2801 937 2863 oculorum
959 2801 1071 2863 obtutu
1091 2800 1206 2863 intueri
1227 2821 1289 2863 non

196 2891 369 2984 possumus,
397 2901 510 2982 quibus
536 2901 674 2964 maxime
701 2900 734 2963 in
763 2900 857 2964 rebus
883 2887 1030 2983 Vergilii
1045 2900 1178 2979 vestigia
1205 2899 1290 2982 apud

197 2998 307 3067 Silium
333 3000 532 3064 inveniantur
560 3007 592 3063 et
619 3021 681 3084 qua
702 3000 823 3064 ratione
851 3000 902 3063 vel
924 3021 985 3084 quo
1007 2998 1120 3062 iudicio
1142 2999 1236 3063 Silius
1257 3000 1308 3062 in¹

197 3097 347 3162 imitando
374 3121 458 3188 usus
477 3100 527 3163 sit.
569 3099 611 3163 llt
632 3107 739 3163 tamen
766 3120 881 3186 operae
907 3100 1043 3185 pretium
1065 3104 1120 3178 est,
1140 3098 1290 3163 Aeneidis

197 3198 332 3282 vestigia
352 3198 384 3288 in
404 3199 531 3263 Punicis
551 3199 730 3279 diligentius
751 3200 942 3279 investigari.
976 3199 1059 3262 Nam
1080 3200 1180 3263 multa
1201 3199 1305 3262 nobis

198 3319 231 3362 sc
253 3298 396 3381 offerunt,
425 3319 506 3383 quae
534 3300 567 3362 in
595 3298 848 3362 adnotationibus
876 3298 1056 3380 editionum,
1079 3317 1160 3380 quae
1188 3298 1291 3362 adhuc

199 3398 377 3462 solaesunt
397 3399 606 3462 imitationum
627 3404 734 3479 testes,
750 3419 878 3481 prorsus
892 3399 1113 3484 praetermissa
1134 3405 1205 3462 sunt
1220 3420 1291 3462 cum

198 3497 231 3560 in
252 3498 383 3582 singulis
402 3500 505 3580 rebus,
531 3505 598 3562 tum
626 3499 659 3561 in
681 3497 786 3562 indole
813 3499 908 3561 totius
930 3499 1082 3562 carminis.
1126 3500 1230 3574 Quam
1251 3499 1291 3561 ob

198 3618 273 3678 rem,
301 3597 384 3680 quod
410 3599 487 3661 mihi
508 3599 700 3684 propositum
731 3603 787 3680 est,
816 3597 856 3661 de
878 3597 945 3661 Silii
966 3598 1192 3663 imitationibus
1213 3598 1292 3662 Ver-

199 3697 322 3776 gilianis
350 3696 512 3776 disserere,
538 3719 645 3761 omnes
677 3697 793 3762 similes
821 3698 915 3778 locos,
945 3697 1049 3780 quoad
1079 3699 1148 3762 fieri
1180 3705 1293 3782 potest,

200 3817 241 3860 ex
268 3796 391 3861 duobus
412 3797 512 3882 poetis
536 3818 710 3878 congeram,
731 3797 764 3860 id
785 3797 868 3882 quod
891 3796 994 3860 adhuc
1015 3797 1153 3861 nondum
1175 3799 1293 3862 factum

283 3947 303 4011 ¹)
321 3948 389 4000 Plin.
407 3965 448 4016 ep.
466 3944 549 4001 1117.
582 3947 712 4000 Martialis
729 3947 784 4000 VH
800 3945 841 4013 63,
859 3947 899 3998 XI
916 3945 957 4012 49,
975 3945 1016 4000 51.

282 4028 303 4094 ²)
320 4025 351 4085 L'.
370 4031 526 4083 Obolsvius:
548 4031 674 4097 Epitheta
697 4032 827 4096 ornantia,
852 4031 948 4098 quibus
969 4032 1052 4082 utitur
1069 4032 1211 4100 Vergilius,
1233 4049 1294 4085 oum

200 4113 232 4164 iis
250 4118 412 4181 comparata,
437 4113 532 4180 quibus
555 4113 713 4180 posteriores
736 4114 805 4182 epici
828 4114 913 4178 latini,
938 4115 1054 4166 maxime
1077 4115 1184 4181 quidem
1206 4116 1294 4181 Silius,

201 4197 318 4248 carmina
336 4213 384 4248 sua
402 4197 586 4248 distinxerunt.
620 4197 685 4248 Pars
703 4197 724 4259 I,
741 4197 883 4264 Regimont
901 4192 973 4250 1865.

285 4279 433 4330 Guilelmus
464 4277 616 4341 Barchfeld,
648 4279 688 4329 De
705 4280 945 4345 ¹comparationum
977 4297 1026 4331 usu
1044 4281 1131 4348 ,apud
1160 4282 1205 4334 Sil.
1235 4282 1295 4335 Ital.

203 4361 344 4429 Gottingae
362 4360 435 4414 1880.

1116 4462 1147 4514 1*
