3244 4996
634 386 965 447 ...10..

319 568 513 654 superabunt
530 573 561 632 et
575 587 707 652 regnum
722 567 804 632 orbis
818 572 970 631 terrarum
989 587 1045 654 per
1063 567 1191 651 longum
1209 571 1332 654 tempus
1345 565 1404 631 sibi

316 669 490 755 parabunt:
630 679 632 684 '

367 835 433 888 Aen
452 835 465 886 I
482 831 545 887 279:
571 871 599 887 ..
616 873 623 887 .
640 834 781 902 imperium
798 834 853 886 sins
870 834 922 886 fine
940 833 1025 887 dodi„

368 915 646 982 Sil.·111593:Hino,
664 917 803 983 Cytherea,
820 918 871 970 tuis
889 919 968 986 longo
984 917 1138 988 regnabitur
1156 934 1228 971 aero.

400 1067 555 1152 Denique,
589 1073 625 1132 ut
653 1068 813 1148 Vergilius
844 1069 876 1132 in
907 1069 968 1132 fine
1000 1069 1147 1132 orationis
1177 1068 1264 1133 Jovis
1294 1068 1404 1132 laudes
1457 1083 1468 1096 ·’

317 1168 420 1253 gentis
447 1168 552 1238 Juliae
579 1169 666 1254 ponit
693 1165 743 1249 (u
759 1168 840 1249 286),
867 1167 912 1232 ita
940 1168 1033 1232 Silius
1061 1190 1117 1254 per
1146 1168 1257 1233 Jovem
1278 1175 1403 1251 gentem

317 1269 461 1332 Flauiam
496 1269 633 1334 celebrat
664 1271 857 1352 virtutesque
891 1271 923 1333 in
958 1269 1066 1354 primis
1101 1275 1132 1332 et
1168 1269 1404 1333 exercitationes

316 1367 498 1451 Domitiani,
533 1370 621 1434 cuius
656 1370 714 1434 sub
748 1370 877 1455 imperio
912 1360 1129 1434 honestissimo
1165 1370 1226 1433 otio
1260 1369 1293 1431 in
1328 1390 1427 1452 agro,

317 1467 525 1553 Neapolitano
547 1491 621 1534 usus
642 1477 698 1552 est,
726 1471 854 1534 summis
881 1470 1031 1546 laudibus¹
1047 1469 1138 1534 effert
1158 1467 1198 1548 (v.
1220 1468 1404 1549 sar-629).

318 1568 409 1642 Quod
430 1574 541 1655 ,sutem
563 1569 725 1634 Ernestius
753 1570 827 1636 Silio
856 1570 959 1652 obicit,
987 1569 1221 1639 eumabsurde
1249 1570 1351 1653 egisse
1367 1574 1404 1652 ¹et

317 1668 497 1733 imitationis
531 1670 690 1735 libidinem
721 1671 793 1751 sine,
817 1671 931 1735 iudicio
962 1670 1072 1735 idoneo
1108 1670 1290 1755 explevisse,
1321 1669 1404 1751 quod

316 1768 428 1833 Jovem
455 1769 626 1834 Domitiani
652 1769 754 1835 laudis
785 1792 971 1856 praeconem
1000 1771 1118 1852 fecerit,
1145 1770 1228 1834 hunc
1254 1768 1404 1835 Aeneidis

317 1870 419 1934 locum
440 1870 618 1952 neglexisse
639 1869 770 1950 videtur,
790 1870 846 1934 ubi
863 1870 1022 1950 Vergilius
1043 1871 1184 1934 similiter
1205 1871 1280 1953 agit.
1320 1869 1403 1933 Nam

317 1971 357 2060 ab
380 1990 417 2033 eo
438 1991 499 2033 non
520 1963 604 2035 recte
626 1992 697 2035 cum
712 1970 829 2034 Siliano
849 1971 916 2035 loco
931 1969 1079 2035 Aeneidis
1092 1969 1141 2034 VI
1158 1973 1216 2034 756
1232 1970 1264 2033 ff.
1282 1975 1403 2034 tanturn

230 2131 233 2138 .
316 2076 523 2156 comparatur,
542 2070 625 2160 unde
647 2093 837 2157 quamquam
862 2092 924 2135 non
944 2071 1031 2134 nulla
1052 2070 1084 2132 in
1104 2070 1224 2134 Punica
1244 2070 1404 2134 transiisse

317 2193 380 2235 non
400 2193 490 2254 nego,
512 2177 617 2235 tamen
639 2172 722 2254 quod
739 2171 780 2236 ad
794 2171 1023 2256 compositionis
1044 2175 1144 2234 artem
1159 2171 1302 2253 pertinet,
1324 2171 1405 2234 alter

316 2270 451 2355 Vergilii
472 2272 566 2354 locus,
588 2293 680 2356 quem
702 2273 803 2354 citavi,
824 2271 941 2336 Siliano
963 2271 1136 2334 simillimus
1159 2275 1213 2335 est.

399 2369 455 2436 IV.
478 2371 557 2436 Oum
578 2394 628 2437 res
649 2373 712 2436 iam
733 2373 766 2436 in
792 2394 828 2436 eo
850 2372 919 2452 sint,
940 2377 976 2434 ut
997 2370 1173 2455 Saguntum
1199 2371 1404 2456 perlongum

302 2479 441 2556 'tempus
476 2478 690 2558 oppugnatum
722 2472 868 2557 fameque
902 2477 1053 2535 vexatum
1088 2471 1204 2534 diutius
1241 2492 1260 2534 a
1290 2471 1404 2534 Poenis

315 2571 441 2637 defendi
455 2573 641 2658 nonpossit,
655 2571 824 2658 Tisiphone
839 2593 858 2636 a
872 2571 893 2635 J
894 2593 996 2635 unone
1012 2571 1153 2652 mittitur,
1166 2576 1201 2635 ut
1215 2571 1403 2655 Saguntinos

315 2673 518 2759 desperantes
549 2673 590 2737 ad
622 2673 783 2738 consilium
814 2672 930 2736 excitet
957 2672 1065 2736 mortis
1096 2671 1155 2736 sibi
1186 2656 1403 2736 consiscendae

315 2773 360 2854 (ss
392 2772 473 2853 553).
530 2773 621 2847 Quod
652 2780 686 2837 ut
720 2772 841 2836 facilius
877 2771 1001 2853 efficiat,
1036 2772 1133 2836 Furia
1172 2793 1205 2836 se
1241 2777 1342 2836 mutat
1371 2771 1403 2836 in
1462 2776 1467 2784 '

316 2873 474 2937 Tiburnae
501 2874 622 2954 faciem,
655 2869 761 2937 uxoris
787 2872 895 2954 Murri,
923 2872 1010 2935 ducis
1038 2873 1078 2935 ab
1105 2872 1285 2937 Hannibale
1313 2873 1403 2936 caesi

315 2972 407 3047 Quod
428 2973 522 3037 Silius
542 2974 601 3038 hoc
621 2972 713 3037 modo
735 2995 781 3052 ea,
809 2992 890 3055 quae
918 2973 1183 3058 expugnationem
1203 2972 1403 3058 praecedunt,

228 3093 230 3100 ’
315 3072 436 3137 ornavit
457 3074 659 3156 instituitque,
675 3073 816 3156 Vergilio
837 3073 951 3137 debere
972 3073 1104 3151 videtur,
1124 3073 1186 3156 qui,
1206 3079 1242 3137 ut
1262 3074 1403 3137 Turnum

315 3173 356 3238 ad
383 3173 499 3238 bellum
528 3197 598 3238 cum
619 3174 761 3239 Troianis
787 3174 949 3255 laccessat,
970 3172 1126 3238 Junonem
1148 3174 1243 3237 aliam
1263 3173 1402 3254 Furiam,

315 3272 447 3356 Allecto,
469 3275 502 3339 in
523 3274 686 3360 Chalyben
717 3273 909 3338 sacerdotem
936 3279 1091 3338 mutatam
1118 3275 1293 3338 mittentem
1313 3273 1404 3357 fingit

315 3372 406 3454 (Aen
433 3373 497 3438 VlI
524 3377 585 3439 415
613 3374 656 3455 ff.)
704 3374 774 3438 Hoc
804 3375 838 3438 in
868 3375 935 3438 loco
963 3374 1154 3460 disponendo
1182 3372 1276 3436 Silius
1292 3373 1402 3436 aliam

315 3492 439 3558 quoque
465 3474 614 3539 Aeneidis
644 3482 769 3561 partem
800 3475 833 3538 in
860 3497 951 3539 usum
980 3474 1118 3538 vocavit:
1161 3471 1285 3536 Etenim
1319 3480 1402 3559 post·

314 3594 410 3658 quam
431 3575 600 3659 Tisiphone
622 3575 804 3660 Saguntinis
831 3575 871 3639 ad
898 3574 1148 3661 desperationem
1170 3573 1312 3638 adductis
1333 3596 1401 3661 per·

314 3676 422 3756 suasit,
449 3682 485 3740 ut
512 3677 571 3759 ipsi
600 3698 632 3741 se
660 3681 817 3758 necarent,
842 3697 882 3740 ne
903 3676 935 3738 in
957 3674 1139 3739 servitutem
1167 3675 1402 3755 abducerentur,

314 3773 426 3856 omine,
456 3797 536 3861 quae
564 3781 713 3857 suaserat,
741 3776 853 3840 sanciri
880 3774 1032 3855 videntur,
1060 3781 1204 3857 serpente
1233 3797 1250 3840 e
1281 3774 1402 3838 tumulo

312 3873 468 3958 Herculis,
500 3876 740 3960 Saguntinorum
772 3876 904 3961 patroni,
936 3880 1156 3961 prorumpente
1188 3873 1233 3955 (Π
1265 3877 1325 3939 580
1356 3873 1403 3954 ff).

312 3975 383 4044 Hoc
409 3975 586 4061 prodigium
608 3976 718 4043 Silium
745 3976 941 4040 transtulisse
967 3977 1000 4042 in
1026 3999 1117 4040 suum
1138 3997 1273 4058 carmen,
1301 3996 1401 4040 exeo

312 4074 462 4142 Aeneidis
476 4076 552 4159 loco,
567 4077 621 4141 ubi
636 4098 653 4141 e
667 4077 787 4140 tumulo
800 4076 959 4141 Anchisae
974 4077 1086 4161 anguis
1101 4096 1268 4163 prorepere
1282 4075 1402 4156 dicitur,

312 4197 384 4239 cum
404 4176 531 4241 Aeneas
552 4177 728 4242 sacrificans
754 4197 862 4241 manes
884 4177 981 4263 patris
1003 4177 1156 4241 allocutus
1178 4183 1268 4258 esset,
1289 4196 1345 4260 per
1366 4197 1400 4240 se

312 4277 415 4365 ipsum
443 4277 644 4344 manifestum
676 4283 723 4343 est
751 4275 842 4358 (Aen.
869 4276 909 4360 V,
938 4280 978 4341 84
1010 4275 1063 4358 a).
1110 4276 1227 4358 Verba,
1256 4298 1337 4362 quae
1367 4277 1401 4346 in
