3244 4996
784 445 991 510 ...13...

426 627 518 705 Quod
538 630 617 714 petit
637 630 730 714 Juno,
752 631 900 719 Iuppiter
921 632 1088 698 condonat:

323 753 325 756 Ι
392 781 458 834 Aen
477 783 504 834 X
520 779 581 835 624:
599 783 673 836 Tolle
690 784 755 852 fuga
772 784 891 836 Turnum
907 788 988 851 atque
1006 779 1205 836 instantibus
1222 779 1311 850 eripe
1329 779 1391 834 latis

393 880 438 933 Sil.
457 881 537 933 XVII
554 879 615 934 383:
632 921 639 935 .
657 923 664 936 .
683 921 689 934 .
706 900 777 936 nunc
794 884 945 936 instanti
961 886 1098 950 raptum
1115 883 1199 936 arche
1216 883 1277 935 leto.

426 1055 518 1137 Nam,
541 1054 627 1119 addit
647 1055 794 1158 Iuppiter
815 1055 899 1142 apud
920 1055 1097 1139 Vergilium
1118 1077 1146 1120 u.
1169 1059 1245 1121 625:
1318 1147 1322 1162 Ι

622 1224 801 1279 Hactenus
824 1225 1018 1279 indulsisse
1040 1230 1150 1279 vacat.

424 1390 520 1454 Silius
547 1390 626 1456 haec
652 1392 837 1472 Vergiliana
863 1393 960 1457 verba
989 1393 1022 1456 in
1051 1392 1139 1456 initio
1166 1391 1254 1456 Iovis
1283 1391 1431 1456 orationis

343 1488 453 1554 eadem
468 1485 505 1553 'in
527 1489 635 1592 versu's
656 1490 729 1556 sede
750 1499 881 1580 usurpat
901 1491 941 1573 (v.
964 1491 1037 1574 374)
1174 1491 1179 1499 ’

1034 1658 1097 1724 (Sed
1115 1659 1221 1728 percipe
1238 1657 1373 1723 coniunx).

623 1742 802 1803 Quatenus
826 1742 1020 1797 indulsisse
1042 1746 1151 1796 vacet.

308 1911 311 1920 ¹
423 1889 495 1954 Hac
521 1889 614 1954 venia
641 1890 809 1977 impetrata
836 1890 911 1975 quid
940 1891 1015 1955 facit
1041 1891 1136 1974 duno,
1163 1899 1199 1957 ut
1226 1892 1347 1974 ducem,
1381 1893 1431 1956 oui

341 1990 563 2076 patrocinatur,
585 1991 765 2076 apericulis
779 1991 927 2056 defendat
942 1992 1125 2074 salvumque
1145 2013 1162 2056 e
1177 2013 1284 2077 pugna
1298 1992 1431 2056 educat?

341 2090 379 2153 In
408 2091 541 2156 formam
569 2090 636 2156 eius
668 2097 799 2173 mutata,
838 2112 931 2176 quem
963 2091 1101 2156 maxime
1132 2092 1212 2177 petit
1242 2092 1367 2156 Turnus
1398 2099 1430 2156 et

341 2189 512 2273 Hannibal,
540 2191 584 2254 ibi
612 2191 739 2256 Aeneae
771 2192 822 2255 hic
857 2192 1018 2276 Scipionis,
1056 2192 1086 2256 ei
1117 2192 1242 2257 obviam
1273 2194 1305 2273 it,
1337 2212 1430 2275 quem

313 2309 316 2314 ·
341 2290 527 2355 incolumem
542 2289 672 2355 reddere
686 2293 763 2373 vult,
786 2311 919 2374 cumque
934 2292 1003 2356 telis
1018 2291 1147 2357 obiectis
1164 2292 1204 2356 ad
1225 2292 1429 2378 pugnandum

341 2391 481 2455 lacessit:
1252 2397 1260 2414 '

264 2542 284 2576 '¹
391 2558 457 2610 Aen.
476 2557 502 2608 X
518 2555 568 2610 636
583 2558 623 2611 ffi:
641 2558 708 2610 Tum
726 2558 776 2611 de'a
793 2559 862 2612 nube
880 2575 946 2612 cara
962 2563 1068 2612 tenuem
1085 2559 1141 2612 sinc
1158 2560 1257 2613 viribus
1274 2560 1395 2615 umbram

496 2643 498 2648 ’
639 2641 671 2693 In
688 2642 784 2694 faciem
801 2642 908 2695 Aeneae
926 2641 995 2706 (visu
1011 2642 1132 2696 mirabile
1149 2641 1306 2706 monstrum)

639 2726 780 2777 Dardaniis
798 2729 874 2778 ornat
891 2727 950 2778 telis
967 2727 1189 2793 clipeumque
1206 2726 1376 2793 iubasque

638 2809 728 2860 Divinl
745 2810 931 2861 assimulat
948 2810 1050 2877 capitis,
1068 2810 1113 2862 dat
1131 2811 1221 2861 inania
1237 2810 1319 2861 verba

637 2891 703 2943 Dat
720 2893 792 2944 sine
809 2896 897 2944 mente
914 2908 1008 2944 sonum
1025 2907 1182 2960 gressusque
1199 2891 1301 2959 effingIt
1319 2891 1404 2943 euntis

638 3056 675 3108 nt
692 3057 791 3124 primas
808 3059 879 3110 laeta
896 3061 977 3110 ante
994 3058 1064 3110 acies
1081 3057 1240 3110 exsdltat
1258 3058 1346 3126 imago

636 3140 779 3207 Irritatque
796 3141 882 3192 virum
898 3141 982 3192 telis
999 3145 1025 3193 et
1042 3157 1106 3193 voce
1124 3141 1236 3194 lacessit.

375 3273 420 3326 Sil.
432 3272 512 3324 XVII
523 3269 573 3324 525
582 3271 621 3327 ffi:
638 3271 761 3342 Effigiem
779 3275 906 3327 informat
923 3275 1036 3339 Latiam,
1054 3291 1219 3345 propereque
1237 3273 1351 3326 coruscis

638 3357 734 3409 Attulit
752 3358 851 3410 cristis:
868 3359 943 3411 addit
960 3360 1184 3426 clipeumque
1200 3357 1372 3430 iubasque

633 3431 760 3492 'Romulei
776 3440 857 3505 ducis
875 3444 956 3508 atque
973 3442 1070 3494 umeris
1087 3441 1198 3508 imponit
1214 3441 1341 3492 honorem

637 3523 775 3592 Fulgentis
792 3525 892 3592 saguli:
915 3524 973 3577 dat
993 3540 1150 3593 gressum
1166 3523 1318 3590 hatitusque
1336 3521 1428 3576 cientis

637 3605 742 3659 Proelia
759 3610 786 3658 et
803 3607 917 3660 audaces
934 3607 1015 3660 adicit
1032 3607 1107 3659 aine
1124 3622 1233 3672 corpore
1250 3595 1361 3684 motus¹¹

638 3772 680 3825 Sic
698 3773 781 3826 Poeni
798 3773 872 3827 ducIs
890 3777 970 3827 ante
987 3774 1078 3826 oculos
1095 3774 1255 3827 exsultat
1271 3776 1298 3826 et
1314 3773 1384 3824 ultro

638 3854 725 3925 Scipio
743 3857 844 3910 Junoni
860 3858 1049 3910 simulatus
1065 3858 1140 3910 tela
1157 3860 1285 3910 coruscat.

421 4018 473 4084 Ab
494 4020 548 4084 illo
569 4021 668 4107 petita
685 4022 837 4109 paulatim
855 4023 972 4108 refugit
985 4024 1090 4108 imago
1110 4029 1141 4089 et
1156 4025 1199 4088 sic
1213 4024 1429 4090 vehementius

339 4118 508 4186 instantem
534 4144 553 4186 a
575 4143 684 4208 pugna
710 4123 851 4204 removit,
877 4123 974 4188 donec
999 4124 1062 4206 ille,
1090 4123 1174 4209 quod
1203 4124 1304 4188 subito
1332 4124 1430 4188 hostis

340 4221 477 4305 evanuit,
500 4221 729 4305 animadvertit,
759 4244 792 4287 se
821 4245 840 4287 a
868 4221 926 4288 deo
953 4224 1056 4288 lusum
1085 4245 1161 4289 esse.
1203 4224 1325 4289 Tantae
1347 4225 1429 4289 cala·

340 4319 457 4384 mitatis
490 4320 596 4386 dolore
629 4322 761 4388 affectus
788 4323 885 4387 iratas
913 4322 1044 4388 effundit
1071 4345 1173 4406 voees,
1202 4342 1335 4406 quarum
1368 4345 1430 4387 non
