<?xml version="1.0" encoding="UTF-8"?>
<!DOCTYPE html PUBLIC "-//W3C//DTD XHTML 1.0 Transitional//EN"
    "http://www.w3.org/TR/xhtml1/DTD/xhtml1-transitional.dtd">
<html xmlns="http://www.w3.org/1999/xhtml" xml:lang="en" lang="en">
 <head>
  <title>
</title>
<meta http-equiv="Content-Type" content="text/html;charset=utf-8" />
  <meta name='ocr-system' content='tesseract 3.04.00' />
  <meta name='ocr-capabilities' content='ocr_page ocr_carea ocr_par ocr_line ocrx_word'/>
</head>
<body>
  <div class='ocr_page' id='page_1' title='image "./quatenussiliusi00groegoog_0019.png"; bbox 0 0 3244 4996; ppageno 0'>
   <div class='ocr_carea' id='block_1_1' title="bbox 749 403 955 465">
    <p class='ocr_par' dir='ltr' id='par_1_1' title="bbox 749 403 955 465">
     <span class='ocr_line' id='line_1_1' title="bbox 749 403 955 465; baseline 0 -16"><span class='ocrx_word' id='word_1_1' title='bbox 749 403 955 465; x_wconf 72' lang='lat'>..14.„</span> 
     </span>
    </p>
   </div>
   <div class='ocr_carea' id='block_1_2' title="bbox 308 563 1397 770">
    <p class='ocr_par' dir='ltr' id='par_1_2' title="bbox 308 563 1397 770">
     <span class='ocr_line' id='line_1_2' title="bbox 390 563 1397 670; baseline 0.002 -22"><span class='ocrx_word' id='word_1_2' title='bbox 390 582 433 648; x_wconf 82' lang='lat' dir='ltr'>ln</span> <span class='ocrx_word' id='word_1_3' title='bbox 454 581 539 670; x_wconf 88' lang='lat' dir='ltr'>apud</span> <span class='ocrx_word' id='word_1_4' title='bbox 559 589 726 665; x_wconf 88' lang='lat' dir='ltr'>utrumque</span> <span class='ocrx_word' id='word_1_5' title='bbox 747 583 873 666; x_wconf 88' lang='lat' dir='ltr'>legitur,</span> <span class='ocrx_word' id='word_1_6' title='bbox 894 582 1004 647; x_wconf 88' lang='lat' dir='ltr'>laudes</span> <span class='ocrx_word' id='word_1_7' title='bbox 1024 584 1108 648; x_wconf 83' lang='lat' dir='ltr'>cerri</span> <span class='ocrx_word' id='word_1_8' title='bbox 1125 563 1259 649; x_wconf 89' lang='lat' dir='ltr'>necandi</span> <span class='ocrx_word' id='word_1_9' title='bbox 1274 605 1397 650; x_wconf 90' lang='lat' dir='ltr'>summo</span> 
     </span>
     <span class='ocr_line' id='line_1_3' title="bbox 308 682 1233 770; baseline 0 -20"><span class='ocrx_word' id='word_1_10' title='bbox 308 683 410 750; x_wconf 86' lang='lat' dir='ltr'>studio</span> <span class='ocrx_word' id='word_1_11' title='bbox 431 685 547 770; x_wconf 90' lang='lat' dir='ltr'>petitas</span> <span class='ocrx_word' id='word_1_12' title='bbox 568 704 635 748; x_wconf 90' lang='lat' dir='ltr'>esse</span> <span class='ocrx_word' id='word_1_13' title='bbox 656 682 735 747; x_wconf 86' lang='lat' dir='ltr'>Aen.</span> <span class='ocrx_word' id='word_1_14' title='bbox 756 683 821 747; x_wconf 89' lang='lat' dir='ltr'>VH</span> <span class='ocrx_word' id='word_1_15' title='bbox 842 685 902 748; x_wconf 86' lang='grc'>496</span> <span class='ocrx_word' id='word_1_16' title='bbox 924 719 964 728; x_wconf 90' lang='grc'>-</span> <span class='ocrx_word' id='word_1_17' title='bbox 985 684 1038 748; x_wconf 79' lang='lat' dir='ltr'>Sil.</span> <span class='ocrx_word' id='word_1_18' title='bbox 1059 684 1140 748; x_wconf 88' lang='lat' dir='ltr'>XIII</span> <span class='ocrx_word' id='word_1_19' title='bbox 1163 687 1233 750; x_wconf 79' lang='grc'>135.</span> 
     </span>
    </p>
   </div>
   <div class='ocr_carea' id='block_1_3' title="bbox 239 865 1399 2855">
    <p class='ocr_par' dir='ltr' id='par_1_3' title="bbox 239 865 1399 2855">
     <span class='ocr_line' id='line_1_4' title="bbox 390 865 1397 954; baseline 0.001 -23"><span class='ocrx_word' id='word_1_20' title='bbox 390 867 447 931; x_wconf 87' lang='grc' dir='ltr'>ΙΧ.</span> <span class='ocrx_word' id='word_1_21' title='bbox 475 867 622 951; x_wconf 79' lang='lat' dir='ltr'>Sequitur</span> <span class='ocrx_word' id='word_1_22' title='bbox 649 865 734 953; x_wconf 90' lang='lat' dir='ltr'>apud</span> <span class='ocrx_word' id='word_1_23' title='bbox 761 866 871 931; x_wconf 79' lang='lat' dir='ltr'>Silium</span> <span class='ocrx_word' id='word_1_24' title='bbox 898 867 1065 954; x_wconf 81' lang='lat' dir='ltr'>descriptio</span> <span class='ocrx_word' id='word_1_25' title='bbox 1096 868 1301 951; x_wconf 90' lang='lat' dir='ltr'>tempestatis,</span> <span class='ocrx_word' id='word_1_26' title='bbox 1334 889 1397 952; x_wconf 92' lang='lat' dir='ltr'>qua</span> 
     </span>
     <span class='ocr_line' id='line_1_5' title="bbox 308 966 1397 1050; baseline 0.001 -19"><span class='ocrx_word' id='word_1_27' title='bbox 308 967 470 1033; x_wconf 81' lang='lat' dir='ltr'>Hannibal</span> <span class='ocrx_word' id='word_1_28' title='bbox 500 968 533 1031; x_wconf 93' lang='lat' dir='ltr'>in</span> <span class='ocrx_word' id='word_1_29' title='bbox 559 966 699 1036; x_wconf 81' lang='lat' dir='ltr'>Africam</span> <span class='ocrx_word' id='word_1_30' title='bbox 732 967 886 1031; x_wconf 89' lang='lat' dir='ltr'>transiens</span> <span class='ocrx_word' id='word_1_31' title='bbox 918 967 1102 1049; x_wconf 89' lang='lat' dir='ltr'>deterretur,</span> <span class='ocrx_word' id='word_1_32' title='bbox 1138 986 1200 1050; x_wconf 89' lang='lat' dir='ltr'>quo</span> <span class='ocrx_word' id='word_1_33' title='bbox 1232 968 1335 1032; x_wconf 91' lang='lat' dir='ltr'>minus</span> <span class='ocrx_word' id='word_1_34' title='bbox 1364 969 1397 1032; x_wconf 92' lang='lat' dir='ltr'>in</span> 
     </span>
     <span class='ocr_line' id='line_1_6' title="bbox 307 1066 1398 1150; baseline 0 -19"><span class='ocrx_word' id='word_1_35' title='bbox 307 1067 433 1133; x_wconf 90' lang='lat' dir='ltr'>Italiam</span> <span class='ocrx_word' id='word_1_36' title='bbox 453 1066 562 1133; x_wconf 92' lang='lat' dir='ltr'>redeat</span> <span class='ocrx_word' id='word_1_37' title='bbox 582 1067 680 1131; x_wconf 86' lang='lat' dir='ltr'>XVII</span> <span class='ocrx_word' id='word_1_38' title='bbox 701 1069 771 1132; x_wconf 79' lang='grc'>237.</span> <span class='ocrx_word' id='word_1_39' title='bbox 812 1066 923 1130; x_wconf 83' lang='lat' dir='ltr'>Silium</span> <span class='ocrx_word' id='word_1_40' title='bbox 944 1067 984 1130; x_wconf 93' lang='lat' dir='ltr'>ab</span> <span class='ocrx_word' id='word_1_41' title='bbox 1006 1066 1168 1149; x_wconf 80' lang='lat' dir='ltr'>historicis,</span> <span class='ocrx_word' id='word_1_42' title='bbox 1195 1069 1249 1150; x_wconf 92' lang='lat' dir='ltr'>qui</span> <span class='ocrx_word' id='word_1_43' title='bbox 1275 1067 1398 1133; x_wconf 85' lang='lat' dir='ltr'>adversi</span> 
     </span>
     <span class='ocr_line' id='line_1_7' title="bbox 239 1165 1397 1254; baseline 0 -22"><span class='ocrx_word' id='word_1_44' title='bbox 239 1216 243 1224; x_wconf 82' lang='lat'><strong>.</strong></span> <span class='ocrx_word' id='word_1_45' title='bbox 309 1169 393 1233; x_wconf 86' lang='lat' dir='ltr'>venti</span> <span class='ocrx_word' id='word_1_46' title='bbox 424 1168 615 1232; x_wconf 82' lang='lat' dir='ltr'>mentionem</span> <span class='ocrx_word' id='word_1_47' title='bbox 646 1189 708 1230; x_wconf 91' lang='lat' dir='ltr'>non</span> <span class='ocrx_word' id='word_1_48' title='bbox 740 1166 868 1248; x_wconf 89' lang='lat' dir='ltr'>faciunt,</span> <span class='ocrx_word' id='word_1_49' title='bbox 901 1165 1120 1231; x_wconf 74' lang='lat' dir='ltr'>abhorrentem</span> <span class='ocrx_word' id='word_1_50' title='bbox 1148 1189 1237 1232; x_wconf 91' lang='lat' dir='ltr'>suam</span> <span class='ocrx_word' id='word_1_51' title='bbox 1264 1168 1397 1254; x_wconf 90' lang='lat' dir='ltr'>descrip-</span> 
     </span>
     <span class='ocr_line' id='line_1_8' title="bbox 308 1265 1398 1353; baseline 0 -21"><span class='ocrx_word' id='word_1_52' title='bbox 308 1270 424 1334; x_wconf 91' lang='lat' dir='ltr'>tionem</span> <span class='ocrx_word' id='word_1_53' title='bbox 438 1269 479 1332; x_wconf 91' lang='lat' dir='ltr'>ad</span> <span class='ocrx_word' id='word_1_54' title='bbox 493 1268 673 1353; x_wconf 84' lang='lat' dir='ltr'>exemplum</span> <span class='ocrx_word' id='word_1_55' title='bbox 686 1265 888 1350; x_wconf 89' lang='lat' dir='ltr'>Vergilianae</span> <span class='ocrx_word' id='word_1_56' title='bbox 903 1267 1068 1352; x_wconf 80' lang='lat' dir='ltr'>procellae,</span> <span class='ocrx_word' id='word_1_57' title='bbox 1090 1289 1172 1352; x_wconf 88' lang='lat' dir='ltr'>quae</span> <span class='ocrx_word' id='word_1_58' title='bbox 1189 1269 1257 1332; x_wconf 86' lang='lat'>181</span> <span class='ocrx_word' id='word_1_59' title='bbox 1274 1269 1398 1352; x_wconf 92' lang='lat' dir='ltr'>legitur,</span> 
     </span>
     <span class='ocr_line' id='line_1_9' title="bbox 307 1366 1398 1454; baseline 0 -21"><span class='ocrx_word' id='word_1_60' title='bbox 307 1370 435 1434; x_wconf 88' lang='lat' dir='ltr'>finxisse</span> <span class='ocrx_word' id='word_1_61' title='bbox 456 1368 533 1432; x_wconf 93' lang='lat' dir='ltr'>mihi</span> <span class='ocrx_word' id='word_1_62' title='bbox 553 1389 738 1454; x_wconf 89' lang='lat' dir='ltr'>persuasum</span> <span class='ocrx_word' id='word_1_63' title='bbox 759 1375 816 1432; x_wconf 91' lang='lat' dir='ltr'>est.</span> <span class='ocrx_word' id='word_1_64' title='bbox 843 1366 914 1431; x_wconf 89' lang='lat' dir='ltr'>Hac</span> <span class='ocrx_word' id='word_1_65' title='bbox 935 1367 1061 1452; x_wconf 90' lang='lat' dir='ltr'>quidem</span> <span class='ocrx_word' id='word_1_66' title='bbox 1081 1368 1114 1431; x_wconf 93' lang='lat' dir='ltr'>in</span> <span class='ocrx_word' id='word_1_67' title='bbox 1135 1389 1169 1432; x_wconf 89' lang='lat' dir='ltr'>re</span> <span class='ocrx_word' id='word_1_68' title='bbox 1190 1368 1294 1451; x_wconf 82' lang='lat' dir='ltr'>Silius,</span> <span class='ocrx_word' id='word_1_69' title='bbox 1316 1389 1398 1453; x_wconf 92' lang='lat' dir='ltr'>quae</span> 
     </span>
     <span class='ocr_line' id='line_1_10' title="bbox 284 1467 1397 1554; baseline -0.001 -21"><span class='ocrx_word' id='word_1_70' title='bbox 284 1490 350 1533; x_wconf 85' lang='lat' dir='ltr'>ex</span> <span class='ocrx_word' id='word_1_71' title='bbox 382 1469 555 1552; x_wconf 84' lang='lat' dir='ltr'>exemplari</span> <span class='ocrx_word' id='word_1_72' title='bbox 586 1469 686 1554; x_wconf 88' lang='lat' dir='ltr'>petiit,</span> <span class='ocrx_word' id='word_1_73' title='bbox 717 1467 951 1548; x_wconf 73' lang='lat' dir='ltr'>diligentissime</span> <span class='ocrx_word' id='word_1_74' title='bbox 983 1468 1117 1532; x_wconf 85' lang='lat' dir='ltr'>variavit</span> <span class='ocrx_word' id='word_1_75' title='bbox 1149 1473 1181 1539; x_wconf 87' lang='lat' dir='ltr'>et</span> <span class='ocrx_word' id='word_1_76' title='bbox 1212 1468 1397 1550; x_wconf 85' lang='lat' dir='ltr'>immutavit,</span> 
     </span>
     <span class='ocr_line' id='line_1_11' title="bbox 309 1568 1397 1654; baseline -0.001 -21"><span class='ocrx_word' id='word_1_77' title='bbox 309 1569 372 1651; x_wconf 84' lang='lat' dir='ltr'>sed,</span> <span class='ocrx_word' id='word_1_78' title='bbox 394 1570 429 1651; x_wconf 91' lang='lat' dir='ltr'>si,</span> <span class='ocrx_word' id='word_1_79' title='bbox 451 1589 544 1652; x_wconf 93' lang='lat' dir='ltr'>quem</span> <span class='ocrx_word' id='word_1_80' title='bbox 564 1589 683 1633; x_wconf 90' lang='lat' dir='ltr'>morem</span> <span class='ocrx_word' id='word_1_81' title='bbox 704 1574 817 1653; x_wconf 89' lang='lat' dir='ltr'>poetae</span> <span class='ocrx_word' id='word_1_82' title='bbox 838 1569 871 1632; x_wconf 87' lang='lat' dir='ltr'>in</span> <span class='ocrx_word' id='word_1_83' title='bbox 891 1568 1115 1632; x_wconf 88' lang='lat' dir='ltr'>imitationibus</span> <span class='ocrx_word' id='word_1_84' title='bbox 1133 1576 1293 1653; x_wconf 87' lang='lat' dir='ltr'>usurpent,</span> <span class='ocrx_word' id='word_1_85' title='bbox 1307 1590 1397 1654; x_wconf 88' lang='lat' dir='ltr'>repu-</span> 
     </span>
     <span class='ocr_line' id='line_1_12' title="bbox 308 1668 1399 1756; baseline 0.001 -24"><span class='ocrx_word' id='word_1_86' title='bbox 308 1674 421 1752; x_wconf 83' lang='lat' dir='ltr'>tamus,</span> <span class='ocrx_word' id='word_1_87' title='bbox 442 1670 479 1733; x_wconf 93' lang='lat' dir='ltr'>iis</span> <span class='ocrx_word' id='word_1_88' title='bbox 499 1670 646 1752; x_wconf 87' lang='lat' dir='ltr'>maxime,</span> <span class='ocrx_word' id='word_1_89' title='bbox 667 1691 749 1754; x_wconf 90' lang='lat' dir='ltr'>quae</span> <span class='ocrx_word' id='word_1_90' title='bbox 771 1668 811 1732; x_wconf 90' lang='lat' dir='ltr'>ad</span> <span class='ocrx_word' id='word_1_91' title='bbox 830 1669 1059 1752; x_wconf 86' lang='lat' dir='ltr'>compositionis</span> <span class='ocrx_word' id='word_1_92' title='bbox 1077 1669 1228 1734; x_wconf 90' lang='lat' dir='ltr'>rationem</span> <span class='ocrx_word' id='word_1_93' title='bbox 1250 1674 1399 1756; x_wconf 88' lang='lat' dir='ltr'>spectant,</span> 
     </span>
     <span class='ocr_line' id='line_1_13' title="bbox 308 1768 1398 1855; baseline -0.001 -22"><span class='ocrx_word' id='word_1_94' title='bbox 308 1770 514 1853; x_wconf 85' lang='lat' dir='ltr'>cognoscitur,</span> <span class='ocrx_word' id='word_1_95' title='bbox 546 1770 627 1833; x_wconf 90' lang='lat' dir='ltr'>banc</span> <span class='ocrx_word' id='word_1_96' title='bbox 659 1768 855 1852; x_wconf 88' lang='lat' dir='ltr'>tempestatis</span> <span class='ocrx_word' id='word_1_97' title='bbox 886 1768 1125 1855; x_wconf 85' lang='lat' dir='ltr'>descriptionem</span> <span class='ocrx_word' id='word_1_98' title='bbox 1159 1790 1221 1832; x_wconf 92' lang='lat' dir='ltr'>non</span> <span class='ocrx_word' id='word_1_99' title='bbox 1258 1791 1298 1834; x_wconf 86' lang='lat' dir='ltr'>ex</span> <span class='ocrx_word' id='word_1_100' title='bbox 1331 1769 1398 1834; x_wconf 82' lang='lat' dir='ltr'>Sibi</span> 
     </span>
     <span class='ocr_line' id='line_1_14' title="bbox 308 1868 1397 1955; baseline 0.002 -24"><span class='ocrx_word' id='word_1_101' title='bbox 308 1869 433 1952; x_wconf 91' lang='lat' dir='ltr'>ingenio</span> <span class='ocrx_word' id='word_1_102' title='bbox 455 1868 648 1951; x_wconf 74' lang='lat' dir='ltr'>natumsed</span> <span class='ocrx_word' id='word_1_103' title='bbox 671 1890 690 1933; x_wconf 88' lang='lat' dir='ltr'>a</span> <span class='ocrx_word' id='word_1_104' title='bbox 711 1868 852 1952; x_wconf 92' lang='lat' dir='ltr'>Vergilio</span> <span class='ocrx_word' id='word_1_105' title='bbox 873 1868 1004 1955; x_wconf 90' lang='lat' dir='ltr'>petitam</span> <span class='ocrx_word' id='word_1_106' title='bbox 1027 1890 1103 1934; x_wconf 91' lang='lat' dir='ltr'>esse.</span> <span class='ocrx_word' id='word_1_107' title='bbox 1144 1869 1257 1954; x_wconf 91' lang='lat' dir='ltr'>Itaque</span> <span class='ocrx_word' id='word_1_108' title='bbox 1278 1869 1397 1934; x_wconf 92' lang='lat' dir='ltr'>Brand·</span> 
     </span>
     <span class='ocr_line' id='line_1_15' title="bbox 309 1969 1397 2058; baseline 0.001 -25"><span class='ocrx_word' id='word_1_109' title='bbox 309 1975 443 2058; x_wconf 82' lang='lat' dir='ltr'>stactero</span> <span class='ocrx_word' id='word_1_110' title='bbox 475 1991 535 2032; x_wconf 91' lang='lat' dir='ltr'>non</span> <span class='ocrx_word' id='word_1_111' title='bbox 568 1969 749 2052; x_wconf 87' lang='lat' dir='ltr'>adstipulor,</span> <span class='ocrx_word' id='word_1_112' title='bbox 784 1969 838 2051; x_wconf 92' lang='lat' dir='ltr'>qui</span> <span class='ocrx_word' id='word_1_113' title='bbox 872 1970 905 2033; x_wconf 95' lang='lat' dir='ltr'>in</span> <span class='ocrx_word' id='word_1_114' title='bbox 939 1969 1056 2033; x_wconf 80' lang='lat' dir='ltr'>Siliano</span> <span class='ocrx_word' id='word_1_115' title='bbox 1091 1970 1158 2034; x_wconf 93' lang='lat' dir='ltr'>loco</span> <span class='ocrx_word' id='word_1_116' title='bbox 1193 1970 1397 2035; x_wconf 88' lang='lat' dir='ltr'>imitationem</span> 
     </span>
     <span class='ocr_line' id='line_1_16' title="bbox 308 2069 1397 2157; baseline 0.003 -25"><span class='ocrx_word' id='word_1_117' title='bbox 308 2069 442 2153; x_wconf 88' lang='lat' dir='ltr'>Vergilii</span> <span class='ocrx_word' id='word_1_118' title='bbox 463 2070 565 2134; x_wconf 88' lang='lat' dir='ltr'>inesse</span> <span class='ocrx_word' id='word_1_119' title='bbox 586 2075 682 2153; x_wconf 90' lang='lat' dir='ltr'>negat</span> <span class='ocrx_word' id='word_1_120' title='bbox 703 2069 787 2132; x_wconf 92' lang='lat' dir='ltr'>bisce</span> <span class='ocrx_word' id='word_1_121' title='bbox 808 2069 927 2132; x_wconf 85' lang='lat' dir='ltr'>verbis:</span> <span class='ocrx_word' id='word_1_122' title='bbox 953 2069 1024 2150; x_wconf 86' lang='lat' dir='ltr'>,Nil</span> <span class='ocrx_word' id='word_1_123' title='bbox 1046 2070 1182 2134; x_wconf 91' lang='lat' dir='ltr'>enimin</span> <span class='ocrx_word' id='word_1_124' title='bbox 1204 2091 1243 2135; x_wconf 90' lang='lat' dir='ltr'>ca</span> <span class='ocrx_word' id='word_1_125' title='bbox 1263 2069 1397 2157; x_wconf 88' lang='lat' dir='ltr'>descrip-</span> 
     </span>
     <span class='ocr_line' id='line_1_17' title="bbox 307 2169 1397 2254; baseline 0.002 -22"><span class='ocrx_word' id='word_1_126' title='bbox 307 2170 393 2234; x_wconf 88' lang='lat' dir='ltr'>tione</span> <span class='ocrx_word' id='word_1_127' title='bbox 419 2169 638 2254; x_wconf 86' lang='lat' dir='ltr'>Vergilianum</span> <span class='ocrx_word' id='word_1_128' title='bbox 669 2189 872 2253; x_wconf 86' lang='lat' dir='ltr'>agnoscemus</span> <span class='ocrx_word' id='word_1_129' title='bbox 902 2169 961 2232; x_wconf 91' lang='lat' dir='ltr'>nisi</span> <span class='ocrx_word' id='word_1_130' title='bbox 987 2190 1095 2234; x_wconf 84' lang='lat' dir='ltr'>vocem</span> <span class='ocrx_word' id='word_1_131' title='bbox 1126 2170 1256 2234; x_wconf 77' lang='lat' dir='ltr'>»stridor</span> <span class='ocrx_word' id='word_1_132' title='bbox 1285 2171 1397 2234; x_wconf 93' lang='lat' dir='ltr'>ruden-</span> 
     </span>
     <span class='ocr_line' id='line_1_18' title="bbox 309 2268 1398 2358; baseline 0.001 -25"><span class='ocrx_word' id='word_1_133' title='bbox 309 2268 425 2333; x_wconf 77' lang='lat' dir='ltr'>tum«“.</span> <span class='ocrx_word' id='word_1_134' title='bbox 452 2269 569 2333; x_wconf 88' lang='lat' dir='ltr'>Omnes</span> <span class='ocrx_word' id='word_1_135' title='bbox 591 2269 674 2334; x_wconf 92' lang='lat' dir='ltr'>enim</span> <span class='ocrx_word' id='word_1_136' title='bbox 695 2269 838 2352; x_wconf 88' lang='lat' dir='ltr'>singulae</span> <span class='ocrx_word' id='word_1_137' title='bbox 859 2290 920 2350; x_wconf 92' lang='lat' dir='ltr'>res,</span> <span class='ocrx_word' id='word_1_138' title='bbox 942 2269 1054 2353; x_wconf 91' lang='lat' dir='ltr'>quibus</span> <span class='ocrx_word' id='word_1_139' title='bbox 1075 2271 1155 2334; x_wconf 89' lang='lat' dir='ltr'>tales</span> <span class='ocrx_word' id='word_1_140' title='bbox 1175 2277 1398 2358; x_wconf 88' lang='lat' dir='ltr'>tempestatum</span> 
     </span>
     <span class='ocr_line' id='line_1_19' title="bbox 288 2359 1398 2453; baseline -0.001 -20"><span class='ocrx_word' id='word_1_141' title='bbox 288 2359 290 2364; x_wconf 54' lang='grc'>’</span> <span class='ocrx_word' id='word_1_142' title='bbox 308 2370 529 2453; x_wconf 89' lang='lat' dir='ltr'>descriptiones</span> <span class='ocrx_word' id='word_1_143' title='bbox 551 2369 696 2433; x_wconf 88' lang='lat' dir='ltr'>exornari</span> <span class='ocrx_word' id='word_1_144' title='bbox 719 2369 826 2450; x_wconf 89' lang='lat' dir='ltr'>solent,</span> <span class='ocrx_word' id='word_1_145' title='bbox 848 2368 957 2432; x_wconf 92' lang='lat' dir='ltr'>eodem</span> <span class='ocrx_word' id='word_1_146' title='bbox 980 2369 1088 2434; x_wconf 87' lang='lat' dir='ltr'>ordine</span> <span class='ocrx_word' id='word_1_147' title='bbox 1110 2371 1154 2434; x_wconf 89' lang='lat' dir='ltr'>ita</span> <span class='ocrx_word' id='word_1_148' title='bbox 1177 2377 1398 2435; x_wconf 91' lang='lat' dir='ltr'>enumerantur</span> 
     </span>
     <span class='ocr_line' id='line_1_20' title="bbox 309 2456 1397 2554; baseline -0.001 -21"><span class='ocrx_word' id='word_1_149' title='bbox 309 2475 340 2533; x_wconf 88' lang='lat' dir='ltr'>et</span> <span class='ocrx_word' id='word_1_150' title='bbox 361 2471 588 2554; x_wconf 85' lang='lat' dir='ltr'>exprimuntur,</span> <span class='ocrx_word' id='word_1_151' title='bbox 619 2476 655 2532; x_wconf 90' lang='lat' dir='ltr'>ut</span> <span class='ocrx_word' id='word_1_152' title='bbox 686 2491 747 2532; x_wconf 93' lang='lat' dir='ltr'>non</span> <span class='ocrx_word' id='word_1_153' title='bbox 776 2491 947 2554; x_wconf 87' lang='lat' dir='ltr'>numquam</span> <span class='ocrx_word' id='word_1_154' title='bbox 979 2456 1073 2534; x_wconf 84' lang='lat' dir='ltr'>etiam</span> <span class='ocrx_word' id='word_1_155' title='bbox 1100 2471 1133 2534; x_wconf 93' lang='lat' dir='ltr'>in</span> <span class='ocrx_word' id='word_1_156' title='bbox 1161 2472 1264 2535; x_wconf 86' lang='lat' dir='ltr'>verbis</span> <span class='ocrx_word' id='word_1_157' title='bbox 1292 2471 1397 2535; x_wconf 91' lang='lat' dir='ltr'>simili·</span> 
     </span>
     <span class='ocr_line' id='line_1_21' title="bbox 308 2569 1397 2656; baseline 0.001 -24"><span class='ocrx_word' id='word_1_158' title='bbox 308 2569 432 2634; x_wconf 91' lang='lat' dir='ltr'>tudines</span> <span class='ocrx_word' id='word_1_159' title='bbox 452 2571 584 2634; x_wconf 85' lang='lat' dir='ltr'>inveniri</span> <span class='ocrx_word' id='word_1_160' title='bbox 605 2569 734 2656; x_wconf 90' lang='lat' dir='ltr'>possint,</span> <span class='ocrx_word' id='word_1_161' title='bbox 749 2574 780 2631; x_wconf 90' lang='lat' dir='ltr'>et</span> <span class='ocrx_word' id='word_1_162' title='bbox 794 2575 877 2633; x_wconf 89' lang='lat' dir='ltr'>certe</span> <span class='ocrx_word' id='word_1_163' title='bbox 892 2575 990 2633; x_wconf 89' lang='lat' dir='ltr'>totam</span> <span class='ocrx_word' id='word_1_164' title='bbox 1004 2571 1231 2653; x_wconf 89' lang='lat' dir='ltr'>compositionis</span> <span class='ocrx_word' id='word_1_165' title='bbox 1244 2571 1397 2635; x_wconf 91' lang='lat' dir='ltr'>rationem</span> 
     </span>
     <span class='ocr_line' id='line_1_22' title="bbox 310 2669 1396 2757; baseline 0.001 -23"><span class='ocrx_word' id='word_1_166' title='bbox 310 2691 350 2734; x_wconf 87' lang='lat' dir='ltr'>ex</span> <span class='ocrx_word' id='word_1_167' title='bbox 371 2671 512 2753; x_wconf 90' lang='lat' dir='ltr'>Vergilio</span> <span class='ocrx_word' id='word_1_168' title='bbox 535 2676 728 2757; x_wconf 89' lang='lat' dir='ltr'>assumptam</span> <span class='ocrx_word' id='word_1_169' title='bbox 750 2690 817 2733; x_wconf 89' lang='lat' dir='ltr'>esse</span> <span class='ocrx_word' id='word_1_170' title='bbox 839 2669 1040 2733; x_wconf 86' lang='lat' dir='ltr'>manifestum</span> <span class='ocrx_word' id='word_1_171' title='bbox 1062 2671 1109 2734; x_wconf 92' lang='lat' dir='ltr'>sit.</span> <span class='ocrx_word' id='word_1_172' title='bbox 1152 2671 1270 2745; x_wconf 84' lang='lat' dir='ltr'>Quales</span> <span class='ocrx_word' id='word_1_173' title='bbox 1291 2677 1396 2735; x_wconf 86' lang='lat' dir='ltr'>cutem</span> 
     </span>
     <span class='ocr_line' id='line_1_23' title="bbox 309 2769 1025 2855; baseline 0.003 -23"><span class='ocrx_word' id='word_1_174' title='bbox 309 2770 370 2834; x_wconf 88' lang='lat' dir='ltr'>sint</span> <span class='ocrx_word' id='word_1_175' title='bbox 391 2771 589 2852; x_wconf 87' lang='lat' dir='ltr'>imitationes,</span> <span class='ocrx_word' id='word_1_176' title='bbox 612 2792 652 2835; x_wconf 87' lang='lat' dir='ltr'>ex</span> <span class='ocrx_word' id='word_1_177' title='bbox 673 2769 722 2833; x_wconf 91' lang='lat' dir='ltr'>his</span> <span class='ocrx_word' id='word_1_178' title='bbox 744 2770 886 2850; x_wconf 88' lang='lat' dir='ltr'>cognosci</span> <span class='ocrx_word' id='word_1_179' title='bbox 907 2776 1025 2855; x_wconf 89' lang='lat' dir='ltr'>potest:</span> 
     </span>
    </p>
   </div>
   <div class='ocr_carea' id='block_1_4' title="bbox 393 2934 1492 3016">
    <p class='ocr_par' dir='ltr' id='par_1_4' title="bbox 393 2934 1492 3016">
     <span class='ocr_line' id='line_1_24' title="bbox 393 2934 1492 3016; baseline 0 -16"><span class='ocrx_word' id='word_1_180' title='bbox 393 2935 422 3016; x_wconf 89' lang='lat'>1)</span> <span class='ocrx_word' id='word_1_181' title='bbox 444 2936 561 3008; x_wconf 80' lang='lat' dir='ltr'>Terrae</span> <span class='ocrx_word' id='word_1_182' title='bbox 577 2935 657 2999; x_wconf 89' lang='lat' dir='ltr'>mari</span> <span class='ocrx_word' id='word_1_183' title='bbox 672 2935 864 2999; x_wconf 87' lang='lat' dir='ltr'>inundantur</span> <span class='ocrx_word' id='word_1_184' title='bbox 878 2934 969 3015; x_wconf 82' lang='lat' dir='ltr'>(Aen.</span> <span class='ocrx_word' id='word_1_185' title='bbox 983 2936 999 2999; x_wconf 96' lang='lat' dir='ltr'>I</span> <span class='ocrx_word' id='word_1_186' title='bbox 1015 2938 1056 2999; x_wconf 89' lang='lat'>86</span> <span class='ocrx_word' id='word_1_187' title='bbox 1075 2970 1115 2979; x_wconf 92' lang='lat'>—</span> <span class='ocrx_word' id='word_1_188' title='bbox 1137 2935 1190 3000; x_wconf 79' lang='lat' dir='ltr'>Sil.</span> <span class='ocrx_word' id='word_1_189' title='bbox 1205 2935 1301 3000; x_wconf 85' lang='lat' dir='ltr'>XVII</span> <span class='ocrx_word' id='word_1_190' title='bbox 1316 2936 1398 3015; x_wconf 85' lang='grc'>240).</span> <span class='ocrx_word' id='word_1_191' title='bbox 1490 2947 1492 2952; x_wconf 85' lang='grc'><strong>’</strong></span> 
     </span>
    </p>
   </div>
   <div class='ocr_carea' id='block_1_5' title="bbox 391 3035 1356 3316">
    <p class='ocr_par' dir='ltr' id='par_1_5' title="bbox 391 3035 1356 3316">
     <span class='ocr_line' id='line_1_25' title="bbox 391 3035 1356 3121; baseline 0.001 -22"><span class='ocrx_word' id='word_1_192' title='bbox 391 3035 422 3116; x_wconf 99' lang='grc'>2)</span> <span class='ocrx_word' id='word_1_193' title='bbox 443 3037 539 3101; x_wconf 91' lang='lat' dir='ltr'>Venti</span> <span class='ocrx_word' id='word_1_194' title='bbox 561 3037 620 3100; x_wconf 92' lang='lat' dir='ltr'>orti</span> <span class='ocrx_word' id='word_1_195' title='bbox 640 3036 721 3101; x_wconf 90' lang='lat' dir='ltr'>inter</span> <span class='ocrx_word' id='word_1_196' title='bbox 742 3057 775 3100; x_wconf 90' lang='lat' dir='ltr'>se</span> <span class='ocrx_word' id='word_1_197' title='bbox 796 3042 940 3121; x_wconf 89' lang='lat' dir='ltr'>pugnant</span> <span class='ocrx_word' id='word_1_198' title='bbox 961 3035 1053 3116; x_wconf 90' lang='lat' dir='ltr'>(Aen.</span> <span class='ocrx_word' id='word_1_199' title='bbox 1075 3039 1115 3100; x_wconf 88' lang='lat'>83</span> <span class='ocrx_word' id='word_1_200' title='bbox 1136 3075 1178 3084; x_wconf 93' lang='lat'><em>-</em></span> <span class='ocrx_word' id='word_1_201' title='bbox 1199 3036 1252 3100; x_wconf 79' lang='lat' dir='ltr'>Sil.</span> <span class='ocrx_word' id='word_1_202' title='bbox 1274 3037 1356 3116; x_wconf 76' lang='lat'>247).</span> 
     </span>
     <span class='ocr_line' id='line_1_26' title="bbox 391 3135 1249 3219; baseline 0.001 -18"><span class='ocrx_word' id='word_1_203' title='bbox 391 3135 423 3216; x_wconf 89' lang='lat'>3)</span> <span class='ocrx_word' id='word_1_204' title='bbox 443 3135 524 3200; x_wconf 88' lang='lat' dir='ltr'>Atra</span> <span class='ocrx_word' id='word_1_205' title='bbox 545 3158 609 3200; x_wconf 87' lang='lat' dir='ltr'>nox</span> <span class='ocrx_word' id='word_1_206' title='bbox 630 3137 734 3202; x_wconf 86' lang='lat' dir='ltr'>omnia</span> <span class='ocrx_word' id='word_1_207' title='bbox 754 3137 835 3219; x_wconf 90' lang='lat' dir='ltr'>tegit</span> <span class='ocrx_word' id='word_1_208' title='bbox 855 3135 946 3216; x_wconf 80' lang='lat' dir='ltr'>(Aen.</span> <span class='ocrx_word' id='word_1_209' title='bbox 967 3139 1008 3200; x_wconf 84' lang='grc'>89</span> <span class='ocrx_word' id='word_1_210' title='bbox 1030 3175 1070 3184; x_wconf 91' lang='lat'><em>-</em></span> <span class='ocrx_word' id='word_1_211' title='bbox 1093 3137 1145 3201; x_wconf 83' lang='lat' dir='ltr'>Sil.</span> <span class='ocrx_word' id='word_1_212' title='bbox 1167 3137 1249 3218; x_wconf 83' lang='lat'><strong>255).</strong></span> 
     </span>
     <span class='ocr_line' id='line_1_27' title="bbox 391 3235 1190 3316; baseline 0 -16"><span class='ocrx_word' id='word_1_213' title='bbox 391 3235 423 3316; x_wconf 85' lang='lat'>4)</span> <span class='ocrx_word' id='word_1_214' title='bbox 443 3236 589 3310; x_wconf 80' lang='lat' dir='ltr'>Fulmina</span> <span class='ocrx_word' id='word_1_215' title='bbox 611 3242 778 3301; x_wconf 89' lang='lat' dir='ltr'>cernuntur</span> <span class='ocrx_word' id='word_1_216' title='bbox 799 3243 830 3302; x_wconf 92' lang='lat' dir='ltr'>et</span> <span class='ocrx_word' id='word_1_217' title='bbox 851 3237 983 3300; x_wconf 90' lang='lat' dir='ltr'>tonitrus</span> <span class='ocrx_word' id='word_1_218' title='bbox 1005 3237 1190 3302; x_wconf 89' lang='lat' dir='ltr'>audiuntur:</span> 
     </span>
    </p>
   </div>
   <div class='ocr_carea' id='block_1_6' title="bbox 357 3417 1288 3490">
    <p class='ocr_par' dir='ltr' id='par_1_6' title="bbox 357 3417 1288 3490">
     <span class='ocr_line' id='line_1_28' title="bbox 357 3417 1288 3490; baseline 0.002 -20"><span class='ocrx_word' id='word_1_219' title='bbox 357 3420 424 3474; x_wconf 82' lang='lat' dir='ltr'>Aen.</span> <span class='ocrx_word' id='word_1_220' title='bbox 441 3417 485 3472; x_wconf 84' lang='lat'>90:</span> <span class='ocrx_word' id='word_1_221' title='bbox 507 3421 648 3473; x_wconf 89' lang='lat' dir='ltr'>Intonuere</span> <span class='ocrx_word' id='word_1_222' title='bbox 670 3422 744 3488; x_wconf 93' lang='lat' dir='ltr'>poli</span> <span class='ocrx_word' id='word_1_223' title='bbox 765 3424 791 3473; x_wconf 91' lang='lat' dir='ltr'>et</span> <span class='ocrx_word' id='word_1_224' title='bbox 812 3422 927 3474; x_wconf 87' lang='lat' dir='ltr'>crebis</span> <span class='ocrx_word' id='word_1_225' title='bbox 948 3423 1052 3474; x_wconf 86' lang='lat' dir='ltr'>micat</span> <span class='ocrx_word' id='word_1_226' title='bbox 1074 3421 1179 3490; x_wconf 87' lang='lat' dir='ltr'>ignibus</span> <span class='ocrx_word' id='word_1_227' title='bbox 1196 3421 1288 3473; x_wconf 86' lang='lat' dir='ltr'>aether</span> 
     </span>
    </p>
   </div>
   <div class='ocr_carea' id='block_1_7' title="bbox 359 3517 1397 3656">
    <p class='ocr_par' dir='ltr' id='par_1_7' title="bbox 359 3517 1397 3656">
     <span class='ocr_line' id='line_1_29' title="bbox 359 3517 1397 3589; baseline 0.001 -19"><span class='ocrx_word' id='word_1_228' title='bbox 359 3520 404 3572; x_wconf 83' lang='lat' dir='ltr'>Sil.</span> <span class='ocrx_word' id='word_1_229' title='bbox 422 3517 482 3571; x_wconf 76' lang='lat'><strong>252:</strong></span> <span class='ocrx_word' id='word_1_230' title='bbox 503 3520 574 3571; x_wconf 89' lang='lat' dir='ltr'>Hinc</span> <span class='ocrx_word' id='word_1_231' title='bbox 596 3520 668 3587; x_wconf 89' lang='lat' dir='ltr'>rupti</span> <span class='ocrx_word' id='word_1_232' title='bbox 689 3520 799 3572; x_wconf 87' lang='lat' dir='ltr'>reboare</span> <span class='ocrx_word' id='word_1_233' title='bbox 820 3522 908 3589; x_wconf 87' lang='lat' dir='ltr'>poli,</span> <span class='ocrx_word' id='word_1_234' title='bbox 932 3525 1013 3588; x_wconf 91' lang='lat' dir='ltr'>atque</span> <span class='ocrx_word' id='word_1_235' title='bbox 1036 3521 1098 3573; x_wconf 91' lang='lat' dir='ltr'>hinc</span> <span class='ocrx_word' id='word_1_236' title='bbox 1122 3519 1245 3572; x_wconf 86' lang='lat' dir='ltr'>crebra</span> <span class='ocrx_word' id='word_1_237' title='bbox 1269 3520 1397 3572; x_wconf 86' lang='lat' dir='ltr'>micare</span> 
     </span>
     <span class='ocr_line' id='line_1_30' title="bbox 505 3602 637 3656; baseline 0.03 -4"><span class='ocrx_word' id='word_1_238' title='bbox 505 3602 637 3656; x_wconf 82' lang='lat' dir='ltr'>Fulmina.</span> 
     </span>
    </p>
   </div>
   <div class='ocr_carea' id='block_1_8' title="bbox 344 3741 1272 3852">
    <p class='ocr_par' dir='ltr' id='par_1_8' title="bbox 344 3741 1272 3852">
     <span class='ocr_line' id='line_1_31' title="bbox 344 3741 1272 3852; baseline 0.001 -20"><span class='ocrx_word' id='word_1_239' title='bbox 344 3793 347 3800; x_wconf 62' lang='lat'><em>¹</em></span> <span class='ocrx_word' id='word_1_240' title='bbox 391 3767 510 3848; x_wconf 87' lang='lat' dir='ltr'>(versus</span> <span class='ocrx_word' id='word_1_241' title='bbox 531 3741 733 3852; x_wconf 89' lang='lat' dir='ltr'>Vergilianus</span> <span class='ocrx_word' id='word_1_242' title='bbox 755 3769 850 3833; x_wconf 88' lang='lat' dir='ltr'>etiam</span> <span class='ocrx_word' id='word_1_243' title='bbox 871 3769 903 3832; x_wconf 92' lang='lat' dir='ltr'>in</span> <span class='ocrx_word' id='word_1_244' title='bbox 925 3767 1000 3833; x_wconf 83' lang='lat' dir='ltr'>Silio</span> <span class='ocrx_word' id='word_1_245' title='bbox 1021 3769 1037 3832; x_wconf 95' lang='grc' dir='ltr'>Ι</span> <span class='ocrx_word' id='word_1_246' title='bbox 1061 3771 1120 3833; x_wconf 85' lang='grc'>135</span> <span class='ocrx_word' id='word_1_247' title='bbox 1142 3770 1272 3850; x_wconf 88' lang='lat' dir='ltr'>legitur:</span> 
     </span>
    </p>
   </div>
   <div class='ocr_carea' id='block_1_9' title="bbox 505 3918 1150 3987">
    <p class='ocr_par' dir='ltr' id='par_1_9' title="bbox 505 3918 1150 3987">
     <span class='ocr_line' id='line_1_32' title="bbox 505 3918 1150 3987; baseline 0.002 -18"><span class='ocrx_word' id='word_1_248' title='bbox 505 3922 636 3986; x_wconf 87' lang='lat' dir='ltr'>ruptoque</span> <span class='ocrx_word' id='word_1_249' title='bbox 654 3920 715 3986; x_wconf 90' lang='lat' dir='ltr'>polo</span> <span class='ocrx_word' id='word_1_250' title='bbox 737 3919 842 3972; x_wconf 88' lang='lat' dir='ltr'>micat</span> <span class='ocrx_word' id='word_1_251' title='bbox 863 3919 989 3987; x_wconf 89' lang='lat' dir='ltr'>igneus</span> <span class='ocrx_word' id='word_1_252' title='bbox 1011 3918 1150 3982; x_wconf 85' lang='lat' dir='ltr'>aether)</span> 
     </span>
    </p>
   </div>
   <div class='ocr_carea' id='block_1_10' title="bbox 307 4082 1405 4369">
    <p class='ocr_par' dir='ltr' id='par_1_10' title="bbox 307 4082 1405 4369">
     <span class='ocr_line' id='line_1_33' title="bbox 391 4082 1405 4170; baseline 0 -22"><span class='ocrx_word' id='word_1_253' title='bbox 391 4083 422 4165; x_wconf 85' lang='lat'>5)</span> <span class='ocrx_word' id='word_1_254' title='bbox 444 4083 547 4149; x_wconf 87' lang='lat' dir='ltr'>Tanta</span> <span class='ocrx_word' id='word_1_255' title='bbox 568 4084 763 4170; x_wconf 87' lang='lat' dir='ltr'>tempestatis</span> <span class='ocrx_word' id='word_1_256' title='bbox 785 4084 815 4148; x_wconf 88' lang='lat' dir='ltr'>vi</span> <span class='ocrx_word' id='word_1_257' title='bbox 830 4084 1013 4169; x_wconf 88' lang='lat' dir='ltr'>perterritus</span> <span class='ocrx_word' id='word_1_258' title='bbox 1027 4083 1078 4147; x_wconf 93' lang='lat' dir='ltr'>hic</span> <span class='ocrx_word' id='word_1_259' title='bbox 1092 4083 1217 4148; x_wconf 83' lang='lat' dir='ltr'>Aeneas</span> <span class='ocrx_word' id='word_1_260' title='bbox 1231 4082 1322 4163; x_wconf 80' lang='lat' dir='ltr'>(Aen.</span> <span class='ocrx_word' id='word_1_261' title='bbox 1337 4084 1405 4166; x_wconf 78' lang='lat'>94),-</span> 
     </span>
     <span class='ocr_line' id='line_1_34' title="bbox 307 4183 1398 4271; baseline 0.004 -25"><span class='ocrx_word' id='word_1_262' title='bbox 307 4184 351 4249; x_wconf 94' lang='lat' dir='ltr'>ibi</span> <span class='ocrx_word' id='word_1_263' title='bbox 379 4184 541 4248; x_wconf 89' lang='lat' dir='ltr'>Hannibal</span> <span class='ocrx_word' id='word_1_264' title='bbox 570 4184 636 4264; x_wconf 80' lang='lat' dir='ltr'>(Sil.</span> <span class='ocrx_word' id='word_1_265' title='bbox 664 4183 737 4264; x_wconf 91' lang='grc'>261)</span> <span class='ocrx_word' id='word_1_266' title='bbox 765 4184 862 4248; x_wconf 83' lang='lat' dir='ltr'>verba</span> <span class='ocrx_word' id='word_1_267' title='bbox 892 4183 977 4264; x_wconf 86' lang='lat' dir='ltr'>facit,</span> <span class='ocrx_word' id='word_1_268' title='bbox 1005 4205 1136 4268; x_wconf 88' lang='lat' dir='ltr'>quorum</span> <span class='ocrx_word' id='word_1_269' title='bbox 1164 4206 1286 4248; x_wconf 91' lang='lat' dir='ltr'>summa</span> <span class='ocrx_word' id='word_1_270' title='bbox 1314 4185 1398 4271; x_wconf 88' lang='lat' dir='ltr'>apud</span> 
     </span>
     <span class='ocr_line' id='line_1_35' title="bbox 308 4283 1397 4369; baseline 0.002 -22"><span class='ocrx_word' id='word_1_271' title='bbox 308 4289 474 4369; x_wconf 88' lang='lat' dir='ltr'>utrumque</span> <span class='ocrx_word' id='word_1_272' title='bbox 496 4284 606 4348; x_wconf 92' lang='lat' dir='ltr'>eadem</span> <span class='ocrx_word' id='word_1_273' title='bbox 627 4290 689 4348; x_wconf 89' lang='lat' dir='ltr'>est:</span> <span class='ocrx_word' id='word_1_274' title='bbox 712 4284 738 4348; x_wconf 94' lang='lat' dir='ltr'><em>O</em></span> <span class='ocrx_word' id='word_1_275' title='bbox 759 4283 919 4364; x_wconf 89' lang='lat' dir='ltr'>fortunati,</span> <span class='ocrx_word' id='word_1_276' title='bbox 935 4283 1047 4365; x_wconf 91' lang='lat' dir='ltr'>quibus</span> <span class='ocrx_word' id='word_1_277' title='bbox 1062 4283 1199 4367; x_wconf 89' lang='lat' dir='ltr'>contigit,</span> <span class='ocrx_word' id='word_1_278' title='bbox 1213 4290 1248 4349; x_wconf 91' lang='lat' dir='ltr'>ut</span> <span class='ocrx_word' id='word_1_279' title='bbox 1265 4293 1397 4350; x_wconf 92' lang='lat' dir='ltr'>mortem</span> 
     </span>
    </p>
   </div>
   <div class='ocr_carea' id='block_1_11' title="bbox 0 0 1627 4996">
    <p class='ocr_par' dir='ltr' id='par_1_11' title="bbox 0 0 1627 4996">
     <span class='ocr_line' id='line_1_36' title="bbox 0 0 1627 4996; baseline 0 0"><span class='ocrx_word' id='word_1_280' title='bbox 0 0 1627 4996; x_wconf 95' lang='lat' dir='ltr'> </span> 
     </span>
    </p>
   </div>
  </div>
 </body>
</html>
