3244 4996
776 416 981 477 ..25-

419 597 516 661 Ouius
537 599 582 662 rei
603 597 759 661 mentione
781 596 866 660 facta
884 603 1015 678 uterque
1035 602 1128 681 poeta
1146 601 1277 658 mortem
1297 594 1425 676 auguris

335 704 457 762 namet:

385 849 451 902 Aen.
467 849 521 900 XII
537 845 598 900 lei:
816 846 922 909 (occidit
940 844 1104 908 Tolumnius)

610 931 745 982 Primus
763 931 789 980 in
808 930 931 982 adversos
949 930 1031 981 telum
1050 930 1107 996 qui
1124 931 1279 980 torserat
1297 929 1385 979 hostes

385 1016 430 1068 Sil.
446 1015 471 1066 V
487 1012 550 1068 402:
611 1013 750 1065 Occumbit
766 1013 864 1079 Bogus,
882 1013 1027 1064 infaustum
1045 1013 1103 1079 qui
1120 1012 1250 1079 primus
1268 1010 1303 1062 ad
1320 1027 1424 1078 amnem

607 1097 692 1148 Ticini
708 1096 830 1164 rapidam
847 1095 874 1146 in
892 1095 1005 1148 Rutulos
1022 1097 1234 1148 contorserat
1252 1095 1364 1146 hastam.

416 1230 473 1294 IV.
504 1229 667 1311 Hannibal
699 1230 868 1314 perlustrat
904 1229 1070 1291 simulacra
1104 1229 1136 1291 in
1168 1227 1286 1290 foribus
1317 1220 1425 1309 templi

335 1330 483 1394 Gaditani
518 1331 674 1415 insculpta
709 1329 758 1392 Il]
791 1331 839 1392 32.
898 1329 991 1392 Hanc
1026 1327 1256 1413 compositionis
1293 1326 1425 1390 formam

335 1453 351 1494 e
372 1431 513 1519 Vergilio
538 1430 629 1511 (Aen.
646 1430 693 1493 VI
708 1432 748 1493 20
770 1436 801 1493 et
824 1428 937 1512 Georg.
957 1428 1007 1491 III
1029 1427 1081 1508 26)
1104 1426 1198 1490 Silius
1220 1427 1424 1512 assumpsisse

333 1530 464 1595 videtur.

416 1631 456 1695 V.
478 1631 618 1697 Similem
640 1631 707 1694 eius
729 1630 812 1693 modi
834 1630 1086 1713 compositionem
1113 1627 1206 1691 Silius
1234 1626 1327 1690 debet
1347 1626 1426 1690 Ver·

334 1731 408 1815 gilio
435 1731 467 1794 in
494 1732 573 1795 libro
601 1730 649 1793 VI
671 1733 740 1794 653.
781 1728 852 1792 Hoo
884 1730 916 1791 in
947 1730 1015 1792 loco
1048 1734 1169 1814 spectat
1201 1726 1362 1790 Hannibal
1394 1727 1425 1788 in

333 1831 450 1913 templo
477 1830 597 1895 Literni
623 1851 673 1893 res
702 1829 783 1893 bello
804 1829 923 1892 Punico
951 1828 1050 1911 primo
1079 1834 1184 1910 gestas
1214 1827 1343 1912 picturis
1373 1848 1428 1912 exj

243 2013 245 2018 Ι
333 1930 459 2012 hibitus,
495 1937 530 1993 ut
559 1929 686 1994 Aeneas
707 1929 723 1992 Ι
745 1931 805 1992 453
835 1929 867 1991 in
895 1929 1012 2013 templo
1041 1927 1291 2007 Carthaginiensi
1317 1927 1424 1990 resin
1459 1975 1461 1981 2

334 2031 416 2095 bello
438 2031 573 2094 Troiano
595 2036 707 2110 gestas.

416 2129 473 2195 VI.
504 2129 542 2193 ·In
575 2151 682 2215 pugna
718 2129 802 2215 apud
835 2129 959 2209 Oonnas
995 2127 1159 2192 commissa
1190 2126 1319 2207 Aeolus,
1358 2127 1426 2206 „cui

334 2231 462 2294 flamina
492 2251 598 2294 carcer
624 2231 760 2315 imperio
788 2250 964 2313 compressa
991 2225 1094 2292 tenet“
1124 2225 1190 2306 (Sil.
1217 2227 1266 2290 IX
1295 2229 1352 2289 491
1384 2264 1424 2272 --

334 2331 464 2416 imperio
492 2331 605 2416 premit
632 2330 749 2395 AenI
775 2330 836 2412 54),
865 2351 884 2394 a
911 2328 1044 2409 Junone,
1073 2347 1154 2410 quae
1180 2349 1241 2391 non
1269 2348 1368 2411 parva
1396 2327 1424 2390 ei

335 2430 415 2494 dono
436 2453 469 2495 se
491 2430 637 2494 daturam
660 2451 728 2494 esse
750 2430 902 2515 promittit
923 2428 1014 2509 (Aen.
1035 2427 1051 2490 I
1074 2428 1110 2490 71
1135 2463 1175 2469 —
1197 2427 1250 2490 Sil.
1271 2426 1320 2490 IX
1341 2426 1435 2507 494),·
1514 2459 1518 2468 -

322 2517 441 2595 ¹oratus
462 2530 652 2594 Volturnum
680 2537 807 2593 ventum
836 2536 943 2594 contra
967 2528 1125 2592 Romanos
1153 2527 1314 2590 inflantem
1340 2527 1423 2607 facit,

333 2636 368 2694 ut
389 2633 422 2694 in
443 2631 584 2695 Aeneide
607 2652 713 2695 omnes
734 2637 844 2695 ventos
865 2630 897 2693 in
918 2629 1047 2693 Aeneae
1070 2629 1209 2692 classem.
1297 2707 1300 2716 ‚

417 2731 488 2794 VH.
501 2731 674 2812 Postquam
685 2730 847 2794 Hannibal
862 2729 901 2792 ab
918 2729 995 2792 urbe
1005 2728 1116 2809 Roma,
1131 2749 1225 2813 quam
1241 2737 1424 2812 expugnare

318 2829 395 2895 'non
416 2831 526 2916 potuit,
548 2831 635 2912 abiit,
656 2830 791 2894 Romani
815 2831 890 2894 laeti
913 2836 1029 2893 exeunt
1050 2829 1224 2912 locumque,
1247 2827 1302 2890 ubi
1323 2834 1424 2890 castra

332 2930 469 2995 hostium
497 2932 598 3016 posita
627 2937 725 3012 erant,
753 2931 850 2994 oculis
877 2929 1067 3014 perlustrant
1099 2933 1129 2991 et
1156 2928 1189 2989 in
1218 2928 1337 2990 animos
1366 2927 1424 2990 sibi

333 3037 491 3112 revocant,
523 3052 584 3115 quo
618 3030 749 3112 quisque
781 3031 814 3093 in
844 3031 912 3092 loco
945 3028 1051 3090 sedem
1081 3027 1234 3090 habuerit.
1277 3026 1329 3090 Sil.
1359 3025 1424 3089 XII

335 3133 394 3203 744
416 3131 448 3194 ff.
490 3130 581 3194 Haeo
602 3129 764 3215 descripsit
786 3128 826 3192 ad
848 3129 1027 3214 exemplum
1041 3127 1174 3210 Vergilii
1189 3121 1267 3190 Aen.
1281 3126 1314 3189 Π
1329 3129 1367 3190 27
1383 3127 1424 3205 ff.‚

333 3230 388 3292 ubi
415 3230 543 3294 Troiani
574 3230 607 3294 in
639 3236 742 3293 castra
770 3251 788 3292 a
817 3227 946 3292 Graecis
978 3228 1086 3292 relicta
1116 3249 1149 3291 se
1177 3227 1355 3307 conferunt3
1385 3248 1424 3289 ex

334 3329 443 3394 eodem
464 3332 531 3394 lo'oo
554 3330 648 3416 etiam
671 3330 765 3393 Silius
786 3329 865 3392 haec
885 3328 1045 3392 transtulit
1065 3329 1176 3392 verba:

382 3481 449 3533 Aen.
467 3481 494 3531 H
511 3477 557 3531 29:
598 3496 723 3532 saevus
741 3479 909 3532 tendebat
926 3480 1052 3532 Achilles.

241 3598 242 3602 ,
336 3570 337 3573 ’
384 3559 1186 3635 Sil.X11749:saevusquetetenderitHannom'
1242 3635 1244 3639 Ι

416 3695 504 3759 VIII.
536 3695 704 3760 Marcellus
737 3694 821 3780 apud
853 3695 906 3759 Sil.
938 3695 1001 3759 XV
1034 3696 1104 3775 353,
1141 3700 1176 3756 ut
1212 3693 1296 3779 apud
1328 3693 1424 3775 Verg.

332 3796 458 3861 Aeneas
473 3794 550 3876 (XII
565 3798 639 3875 432)
658 3816 728 3858 curn
745 3796 808 3858 filio
830 3794 1064 3859 adulescentulo
1086 3815 1174 3857 arma
1195 3789 1261 3857 sibi
1275 3792 1424 3857 induente

333 3903 406 3960 ante
428 3917 575 3981 pugnam·
590 3896 774 3977 colloquitur
800 3895 952 3980 illumque
973 3895 1125 3974 hortatur,
1146 3900 1182 3957 ut
1203 3894 1236 3957 in
1257 3892 1424 3978 pugnando

332 3997 431 4082 patris
451 3996 598 4060 virtutem
622 3996 681 4059 sibi
702 4001 805 4058 sumat
827 3996 1023 4081 exemplum:

381 4147 448 4199 Aen.
466 4147 520 4198 XII
537 4145 600 4199 435:
618 4147 704 4210 Disce,
722 4164 796 4214 puer,
814 4147 938 4198 virtutem
956 4111 996 4198 ex·
1007 4161 1048 4197 me
1066 4160 1210 4210 verumque
1229 4142 1347 4194 laborem

382 4231 428 4283 Sil.
446 4230 497 4282 XV
515 4227 578 4282 359:
619 4269 873 4282 ...........
894 4230 972 4281 lateri
989 4234 1015 4280 te
1032 4229 1112 4296 iunge
1129 4231 1240 4294 paterno

619 4313 652 4365 Et
669 4329 712 4365 me
730 4314 800 4367 disce
818 4330 915 4364 novum
933 4312 1046 4364 Martem
1064 4315 1165 4363 tentare
1184 4310 1316 4377 magistro.
