3244 4996
677 364 883 424 „23-

332 546 590 610 Pulsantesque
612 549 687 597 aestu
711 547 850 598 laudum
872 547 1093 599 exsultantia
1118 546 1225 599 corda

331 627 465 694 Accepere
483 628 547 680 tuba
565 628 681 694 spatium

231 759 285 844 qui
306 780 416 822 versus
436 760 586 842 leguntur
608 761 703 823 etiam
724 762 756 824 iu
778 760 884 843 Georg
905 761 954 823 HI
979 763 1046 824 105.

279 908 306 970 5)
330 910 395 961 Aen.
413 876 483 961 ¹339:
502 949 507 960 .
529 914 577 961 .et
601 927 689 962 nunc
713 912 821 963 tertia
847 911 961 977 palma
984 911 1078 963 Diores

330 992 375 1045 Sil.
392 989 455 1044 504:
503 1032 557 1045 ...
580 1009 668 1044 nunc
692 993 783 1045 ordine
807 993 916 1045 tertia
940 995 1055 1060 palma
1078 993 1223 1060 Hesperon.
1255 1025 1257 1032 ι

312 1125 351 1189 V.
372 1125 510 1211 Scipioni
538 1126 569 1188 iu
599 1125 740 1189 Africam
768 1126 943 1190 transeunti
970 1125 1052 1189 duae
1079 1127 1205 1210 aquilae
1234 1149 1323 1211 prac-

228 1227 370 1290 volantes
396 1225 480 1288 viam
508 1232 682 1289 monstrant
708 1226 806 1290 XVII
828 1227 866 1289 52
889 1224 931 1306 ff,
953 1231 988 1288 ut
1017 1224 1102 1311 apud
1123 1225 1219 1309 Verg.
1241 1227 1323 1293 duae

229 1326 391 1390 columbae
427 1346 446 1388 a
479 1324 604 1390 Venere
636 1327 750 1390 missae
782 1325 925 1390 Aeneam
957 1325 997 1388 ad
1034 1346 1165 1389 aureum
1200 1348 1322 1392 ramum
1401 1383 1410 1396 .

229 1427 345 1490 ducunt
367 1425 413 1488 VI
437 1426 496 1489 190
517 1425 549 1488 ff.
592 1425 671 1489 Cum
694 1432 799 1489 autem
822 1426 924 1512 Scipio
947 1425 1034 1490 Jovis
1057 1427 1170 1511 proles,
1196 1427 1322 1493 Aeneas

228 1527 362 1591 Veneris
398 1525 570 1606 duceretur,
610 1526 685 1590 Silio
721 1528 804 1591 aliae
841 1548 915 1590 aves
948 1526 1112 1610 eligendae
1152 1527 1266 1606 erant,'
1286 1534 1321 1591 ut

226 1626 389 1691 Ernestius
420 1632 505 1690 recte
537 1632 766 1690 commemorat.
813 1625 898 1690 Dicit
932 1627 1014 1690 enim
1050 1625 1173 1711 „Atque
1210 1635 1246 1691 ut
1278 1628 1321 1692 ibi

226 1726 386 1806 Vergilius
422 1726 454 1788 in
490 1726 611 1790 delectu
649 1727 872 1807 columbarum,
902 1717 1011 1790 avium
1043 1726 1176 1790 Veneris
1212 1729 1321 1791 matris

227 1825 364 1907 Aeneae,
387 1832 504 1888 certum
533 1825 682 1888 iudicium
709 1827 910 1911 sequebatur,
937 1827 982 1888 ita
1010 1846 1067 1889 nec
1087 1832 1205 1890 temere
1227 1828 1320 1892 Silius

228 1924 350 1989 videtur
380 1925 552 2008 armigeras
579 1925 667 1990 Jovis
689 1927 831 1990 volueres
856 1926 1046 2007 adhibuisse,
1075 1947 1156 2010 quae
1184 1927 1319 2012 Scipioni

229 2023 317 2089 Jovis
339 2025 418 2110 proli
440 2026 498 2088 iter
512 2024 700 2110 praeirent“.
725 2026 767 2089 Et
788 2027 856 2090 loeo
871 2029 965 2090 citato
986 2027 1188 2090 inveniuntur
1202 2049 1319 2105 versus,

227 2125 279 2210 qui
308 2125 493 2208 Vergiliana
521 2125 618 2189 verba
647 2147 666 2190 a
694 2126 769 2190 Silio
798 2148 854 2191 suo
880 2147 966 2191 more
996 2132 1117 2203 mutata
1151 2127 1315 2209 praebent:

274 2276 341 2327 Aen.
354 2276 392 2326 VI
411 2273 472 2328 199:
490 2276 631 2329 Pascentes
649 2278 711 2330 illae
735 2281 867 2329 tanturn
891 2277 1032 2344 prodire
1056 2276 1170 2328 volando

490 2360 661 2419 Quantum
684 2360 741 2412 acie
765 2363 872 2426 possent
895 2361 966 2411 oculi
995 2375 1137 2411 servare
1161 2366 1316 2426 sequentum

275 2439 468 2494 SilXVIIbb:
487 2441 630 2494 Tantum
654 2457 862 2509 progressos
886 2442 987 2508 liquida
1011 2441 1059 2493 sub
1083 2442 1152 2494 nube
1176 2444 1317 2494 volatus

490 2525 661 2584 Quantum
680 2541 732 2576 non
745 2525 843 2576 frustra
854 2525 1038 2591 speculantum
1050 2525 1151 2576 lumina
1169 2529 1316 2578 servant.

306 2657 362 2721 VI.
384 2658 473 2730 Quae
486 2656 553 2719 Liv.
565 2658 614 2736 21,
627 2658 665 2720 10
679 2656 718 2719 de
733 2656 826 2720 rebus
841 2657 874 2718 in
889 2662 999 2720 senatu
1011 2655 1316 2738 Carthaginiensium

224 2757 301 2820 actis
315 2757 418 2836 tradit,
433 2777 503 2818 cum
518 2755 669 2819 Romanis
684 2756 800 2818 bellum
816 2756 933 2818 illaturi
948 2762 1060 2834 essent,
1082 2755 1173 2818 facile
1190 2778 1208 2819 a
1223 2765 1315 2842 poeta

223 2857 326 2921 ornari
349 2855 554 2941 componique
583 2861 751 2938 potuerunt
777 2854 816 2918 ad
839 2855 1014 2934 Vergiliani
1039 2854 1099 2919 loci
1127 2857 1314 2940 exemplum,

222 2956 277 3019 ubi
290 2956 421 3020 Latinos
443 2956 481 3019 de
496 2957 578 3019 bello
597 2955 734 3040 gerendo
750 2955 878 3019 consilia
897 2956 1042 3019 ineuntes
1057 2955 1132 3019 facit
1146 2955 1195 3019 XI
1206 2958 1266 3020 296
1281 2956 1314 3021 ff.

222 3055 264 3119 Et
285 3056 388 3135 Silius,
409 3056 463 3139 qui
485 3055 670 3138 Vergilium,
698 3057 953 3138 quotiescumque
975 3055 1087 3141 potuit,
1115 3062 1239 3120 secutus
1261 3063 1316 3135 est,

222 3155 280 3217 hoc
300 3157 377 3236 loce,
400 3176 461 3239 quo
481 3176 530 3219 res
549 3177 623 3218 vere
643 3156 819 3220 simillimae
839 3163 927 3220 erant
942 3145 1038 3237 atque
1058 3155 1152 3219 etiam
1170 3177 1211 3218 ex
1225 3163 1314 3241 parte

221 3276 322 3340 pares,
344 3254 406 3318 fide
420 3254 568 3318 historica
590 3276 652 3320 nou
667 3257 811 3340 neglecta
826 3257 1003 3339 Vergilium
1018 3256 1135 3319 imitari
1150 3277 1212 3319 non
1226 3255 1313 3319 dubi-

221 3356 309 3418 tavit.
331 3355 395 3419 Res
411 3355 501 3434 enin,
524 3355 562 3418 de
578 3355 691 3439 quibus
706 3358 737 3419 in
754 3363 866 3422 senatu
883 3356 996 3440 agitur,
1017 3356 1134 3441 pariter
1150 3378 1182 3419 se
1197 3356 1313 3419 habent

221 3455 252 3517 iu
274 3454 414 3519 Aeneide
436 3455 519 3520 etin
540 3455 682 3519 Punicis:
712 3457 829 3519 bellum
849 3456 930 3520 inter
951 3455 1081 3520 Latinos
1112 3462 1143 3518 et
1164 3455 1313 3518 Troianos

176 3587 179 3592 ·
221 3556 387 3619 conflatum
410 3577 477 3618 esse
500 3555 665 3619 videbatur
685 3563 812 3642 propter
834 3557 933 3620 solum
949 3555 1099 3636 Turnum,
1121 3556 1174 3637 qui
1184 3555 1312 3619 Aeneae

221 3653 330 3718 cedere
353 3656 487 3719 nolebat.
521 3657 670 3720 Similiter
692 3678 741 3720 res
763 3663 908 3720 narratur
931 3657 962 3718 in
976 3656 1110 3719 Punicis.
1142 3655 1312 3737 Hannibal,

222 3755 313 3834 enim,
334 3761 369 3817 ut
384 3755 479 3818 Silius
500 3756 625 3840 quidem
648 3777 704 3842 per
725 3763 825 3819 totum
841 3776 965 3819 carmen
988 3755 1200 3819 demonstrare
1221 3776 1311 3820 cona·

221 3860 271 3917 tur
283 3854 315 3935 ²),
337 3854 513 3937 Saguntum
532 3863 643 3920 senatu
664 3878 726 3920 uon
744 3856 955 3921 consentiente
971 3862 1170 3940 expugnarat
1191 3860 1222 3917 et
1237 3854 1311 3918 Oar-

220 3954 380 4036 thagiuem
407 3955 439 4016 in
468 3955 632 4018 discrimen
661 3964 788 4020 vocarat
814 3957 933 4039 gloriae
962 3955 1132 4040 cupiditate
1159 3955 1312 4018 incensus.

220 4053 290 4118 Hoc
304 4062 523 4138 argumentum
542 4057 574 4119 in
590 4062 700 4119 senatu
722 4064 826 4120 orator
844 4056 1024 4142 imperatori
1041 4077 1102 4118 non
1124 4055 1168 4117 ita
1183 4055 1311 4135 amicus,

304 4259 323 4324 ¹)
340 4262 401 4315 vide
420 4263 631 4328 Heynaoherum.
