3244 4996
781 374 995 433 „44.„

338 555 391 617 Sil.
413 554 492 617 XVI
520 558 589 618 214.
632 553 711 618 Aen.
732 554 781 617 XI
803 557 863 618 908
885 593 925 600 —
947 554 1000 618 Sil.
1021 554 1067 616 IV
1090 555 1139 616 94.
1181 553 1262 617 Aen.
1284 553 1347 616 VII
1369 556 1431 616 732

337 689 379 698 -
410 654 463 718 Sil.
490 654 540 717 III
568 658 637 718 278.
679 653 759 718 Aen.
786 654 818 717 X
847 658 906 718 773
940 692 981 700 -
1013 653 1066 718 Sil.
1098 653 1129 717 V
1162 656 1229 716 117.
1272 652 1350 717 Aen.
1382 653 1431 716 VI

339 754 877 820 177-182-811,Χ529-537
906 754 945 817 de
974 754 1130 836 exsequiis
1157 754 1363 832 instituendis
1390 753 1430 816 de

338 876 399 939 quo
420 856 488 919 loco
510 857 586 919 satis
607 855 754 918 disseruit
775 855 937 919 Wezelius
958 855 992 918 II
1013 858 1061 919 20.
1104 855 1219 937 Georg.
1245 855 1294 918 III
1315 857 1376 917 478
1398 854 1429 917 ff.

336 992 378 1000 —
399 955 452 1019 Sil.
479 956 558 1020 XIV
589 957 650 1019 580
672 956 703 1018 ff.
725 955 764 1020 de
786 961 883 1038 peste.
927 955 1005 1021 Aen.
1030 955 1094 1017 VH
1124 957 1246 1018 177-
1267 954 1321 1018 811.
1343 955 1359 1017 I
1380 958 1430 1019 86.

336 1055 415 1119 Aen.
436 1056 485 1119 IX
506 1058 564 1120 801
589 1047 896 1119 ff.-Sil.'1520ff.
918 1056 1042 1119 Turnus
1058 1054 1269 1117 —Hannibal
1291 1054 1429 1139 undique

337 1156 431 1220 armis
451 1162 609 1242 petuntur.
650 1155 730 1219 Aen.
751 1156 800 1218 XI
821 1158 880 1220 877
904 1154 936 1218 ff.
957 1193 997 1201 —
1019 1154 1127 1218 811.ΙΙ
1149 1157 1207 1219 251
1231 1154 1263 1218 ff.

418 1355 563 1442 Denique
585 1357 707 1420 silentio
728 1377 790 1419 non
813 1356 1000 1441 praeteribo,
1022 1355 1105 1439 quod
1130 1355 1163 1418 in
1189 1356 1265 1418 locis
1293 1375 1430 1418 eommu-

267 1479 269 1484 ’
335 1456 435 1537 nibus,
456 1457 510 1539 qui
537 1463 698 1536 uocantur,
725 1457 843 1521 multae
870 1457 1071 1520 inveniuntur
1098 1454 1323 1519 similitudines.
1365 1455 1430 1519 Sed

335 1556 393 1619 has
425 1577 481 1641 per
513 1578 547 1620 se
577 1557 741 1620 minimum
772 1563 965 1621 momentum
997 1556 1114 1619 habere
1146 1577 1267 1636 censeo,
1299 1561 1335 1619 111
1364 1557 1429 1618 iam

335 1679 430 1742 supra
452 1658 699 1722 commemoravi.
741 1658 844 1732 Quam
867 1657 905 1721 ob
927 1679 994 1720 rem
1018 1677 1176 1742 perpauca
1198 1656 1387 1719 enumerabo
1411 1678 1429 1720 e

333 1757 460 1820 Punicis
476 1760 631 1844 exempla,
647 1758 759 1843 quibus
769 1757 901 1841 Vergilii
916 1758 1050 1840 vestigia
1063 1757 1215 1840 impressa
1230 1763 1302 1820 sunt
1319 1757 1428 1820 tenuia

333 1858 388 1921 ille
410 1858 544 1943 quidem,
559 1859 613 1922 sed
628 1858 741 1943 quibus
755 1857 906 1943 probatur
920 1856 1090 1940 eVergilio
1111 1857 1166 1920 illa
1182 1879 1249 1921 esse
1271 1857 1427 1942 profecta:

420 1958 450 2038 1)
471 1958 498 2021 Ε
520 1979 647 2044 pugnae
669 1958 928 2043 descriptionibus
948 1957 1028 2021 haec
1050 1957 1195 2021 afferam:

385 2107 412 2171 a)
434 2110 501 2177 Aen.
519 2111 560 2162 XI
576 2107 639 2162 691:
683 2148 812 2162 ......
830 2109 876 2161 sed
894 2110 1120 2161 Butenaversum
1138 2108 1283 2175 cuspide
1301 2108 1387 2159 fixit

682 2193 830 2245 Loricam
848 2193 1039 2260 galeamque
1057 2193 1143 2243 inter
1160 2209 1221 2259 qua
1234 2193 1427 2245 collasedentis

1195 2276 1297 2328 Lucent

433 2361 478 2412 Sil.
496 2361 509 2411 I
526 2358 589 2412 381:
679 2361 746 2420 Qua
759 2377 854 2427 corpus
866 2361 1001 2411 loricam
1014 2360 1099 2412 inter
1110 2361 1294 2427 galeamque
1305 2359 1425 2426 patescit,

681 2444 808 2495 Cenantis
826 2447 912 2495 motus
930 2445 1089 2510 speculatus,
1113 2443 1257 2510 cuspide
1279 2443 1385 2495 sistit.

381 2526 409 2590 b)
431 2527 498 2580 Aen.
517 2525 650 2579 v11533:
679 2566 786 2580 .....
787 2587 793 2592 ¹
804 2533 816 2581 .“
828 2528 922 2580 Haesit
939 2528 1010 2580 enim
1031 2527 1092 2578 sub
1116 2529 1259 2594 gutture
1282 2527 1377 2577 vulnus
1399 2529 1425 2577 11

675 2639 679 2646 -
1192 2609 1261 2661 udae

678 2694 776 2746 Vocis
794 2695 856 2746 iter
874 2697 1033 2760 tenuemque
1051 2694 1179 2745 inclusit
1196 2693 1325 2760 sanguine
1342 2693 1423 2744 vitam

431 2778 476 2830 Sil.
494 2777 575 2829 XVII
592 2775 655 2830 440:
678 2817 807 2830 ......
826 2778 911 2829 Hasta
929 2779 1021 2829 volans
1038 2777 1092 2828 imo
1110 2777 1171 2828 sub
1193 2779 1336 2844 gutture
1357 2776 1424 2827 sedit

679 2861 713 2912 Et
730 2861 822 2913 vitea
839 2861 1001 2927 vocisque
1018 2861 1092 2912 vias
1109 2860 1188 2911 simul
1205 2859 1286 2912 incita
1304 2859 1423 2910 clausit

777 2942 835 3006 (cfr.
854 2944 899 2996 Sil.
917 2944 956 2995 IV
974 2940 1041 3005 169.)

382 3024 407 3088 c)
428 3023 619 3080 AenX841:
678 3027 714 3078 st
740 3028 857 3079 Lausum
884 3027 948 3079 socii
978 3027 1171 3078 exanimem
1201 3041 1305 3092 super
1331 3041 1423 3076 orma

1191 3109 1354 3161 ferebant

676 3176 783 3228 Flentes

429 3256 598 3312 81175841
677 3261 782 3313 Interea
812 3260 1019 3311 exanimem
1052 3260 1147 3312 maesti
1180 3276 1291 3326 super·
1323 3276 1423 3311 arma

1093 3415 1095 3422 V
1190 3343 1339 3407 Sychaeum

676 3426 823 3478 Poltabant
834 3427 925 3490 Poeni,
943 3442 1091 3493 corpusque
1109 3427 1136 3477 in
1153 3429 1240 3477 castra
1258 3426 1428 3478 ferebant
1453 3489 1456 3492 Ι

412 3557 443 3638 2)
465 3580 506 3623 ex
527 3561 574 3640 iis,
597 3581 678 3644 quae
693 3565 806 3643 poetae
821 3559 923 3624 dicere
940 3560 1039 3623 solent
1053 3558 1092 3622 de
1107 3558 1261 3642 dignitate
1277 3559 1420 3623 carminis

328 3659 390 3722 sui:

425 3777 492 3830 Aen.
510 3777 552 3828 IX
568 3774 631 3830 446:
676 3779 817 3830 Fortunati
834 3778 927 3830 ambo!
945 3779 968 3829 si
986 3778 1049 3845 quid
1066 3795 1125 3830 mea
1141 3779 1262 3830 'cannino
1279 3780 1389 3847 possunt

674 3858 755 3914 Nulla
773 3861 828 3914 dies
845 3878 972 3928 umquam
990 3863 1131 3914 memori
1151 3879 1197 3914 vos
1220 3862 1317 3914 eximet
1335 3878 1418 3913 aevo

673 3947 744 3998 Dum
763 3986 768 3998 .
787 3987 793 3998 .
811 3985 817 3996 .
836 3987 842 3997 .

426 4027 471 4079 Sil.
489 4029 528 4080 IV
545 4025 608 4080 400:
676 4029 875 4095 Aeternumque
887 4029 967 4081 decus
985 4031 1127 4081 meineri
1144 4029 1321 4082 celebrabitur
1339 4046 1418 4081 aevo

674 4112 702 4163 Si
719 4112 797 4164 modo
815 4112 884 4165 ferre
901 4113 978 4177 diem,
996 4129 1119 4179 serosque
1136 4113 1225 4165 videre
1244 4116 1352 4178 nepotes

674 4195 799 4248 Carmina
816 4200 906 4250 nostra
918 4197 1007 4249 valent
1025 4213 1073 4248 nec
1091 4196 1191 4250 famam
1208 4196 1303 4248 invidit
1320 4196 1417 4265 Apollo

325 4282 364 4350 de
385 4284 510 4370 ingenio
532 4307 602 4352 suo:
