3244 4996
777 381 983 442 ..42-

384 561 429 614 Sil.
447 561 486 613 IV
503 558 566 615 430:
618 563 655 614 Te
673 563 739 616 duce
757 563 888 630 primitias
905 581 1019 632 pugnae,
1036 567 1062 616 te
1080 581 1179 632 magna
1196 565 1321 633 magistro
1407 637 1411 644 Ι

614 646 772 792 Alldeat(cin
790 732 817 782 et
833 729 901 782 Aen.
918 726 1039 782 X11435
1056 759 1090 766 —
1109 729 1154 784 Sil.
1172 730 1231 782 XV·
1242 727 1310 792 360.)

353 921 355 924 .
417 859 448 940 6)
469 860 580 924 Virtus
600 861 659 924 viri
679 861 768 925 fortis
789 861 833 925 sic
855 861 1053 926 describitur:

382 1010 449 1064 Aen.
467 1011 494 1062 X
509 1008 573 1063 712:
615 1012 670 1064 Nec
688 1001 813 1079 cuiquam
829 1013 908 1065 irasci
924 1014 1086 1081 propiusque
1103 1012 1228 1066 accedere
1245 1014 1328 1065 virtus

614 1094 665 1147 Sed
683 1096 776 1148 iaculis
794 1095 910 1162 tutisque
927 1097 1020 1162 procul
1037 1096 1196 1148 clamoribus
1213 1096 1313 1147 instant

242 1213 244 1220 ,
349 1175 471 1256 .Sil.'V
489 1171 551 1229 442:
613 1178 741 1245 Aspirare
758 1179 824 1243 viro,
841 1179 1045 1246 propioremque
1058 1173 1160 1230 ¹addere
1177 1179 1290 1231 Martem

613 1261 693 1313 Haud
711 1263 805 1314 ausum
823 1261 954 1328 cuiquam.
972 1261 1048 1313 Laxo
1066 1279 1115 1314 ceu
1132 1263 1211 1315 belua
1229 1279 1322 1329 campo

613 1345 798 1397 lacessebatur
814 1345 879 1396 tutia
896 1361 929 1396 ex
947 1345 1053 1412 agmine
1071 1345 1138 1398 telis.
1205 1341 1207 1346 ’

425 1473 456 1552 l)
477 1474 526 1540 De
547 1477 659 1540 Paullo
685 1477 718 1540 in
745 1498 855 1562 campo
884 1477 1040 1542 Cannensi
1067 1483 1192 1562 reperto
1221 1477 1332 1542 eadem
1360 1477 1426 1542 fere

332 1575 484 1657 dicuntur,
517 1595 598 1658 quae
634 1577 673 1641 de
706 1575 854 1659 Hectore,
891 1599 984 1664 quem
1020 1577 1146 1642 Aeneas
1181 1599 1238 1664 per
1273 1578 1427 1642 somnium

331 1675 425 1756 videt,
446 1677 531 1762 apud
552 1677 728 1756 Vergilium
749 1679 913 1760 leguntur:

381 1827 448 1880 Aen.
466 1827 493 1878 ΙΙ
511 1823 574 1880 274:
615 1828 647 1880 ui
664 1829 730 1880 mihi
748 1829 834 1895 qualis
852 1831 918 1892 erat,
936 1832 1065 1896 quantum
1081 1832 1199 1882 mutatus
1217 1830 1251 1881 ab
1269 1830 1315 1880 illo
1384 1823 1387 1829 ’

612 1911 735 1976 Hectore,
754 1913 801 1979 qui
818 1916 866 1965 etc.

382 1991 428 2044 Sil.
446 1991 472 2042 X
489 1989 553 2046 508:
614 1994 675 2046 Heu
693 1996 752 2063 quis
769 1998 840 2047 erat!
865 2012 946 2062 quam
963 2012 1016 2047 non
1038 1995 1131 2048 similis
1147 1996 1226 2047 modo
1247 1995 1349 2048 Punica
1366 1995 1426 2048 telis

560 2091 563 2098 ·
612 2078 728 2146 Agmina
746 2079 878 2132 turbanti!

334 2214 365 2273 et
386 2210 484 2274 verba
506 2211 670 2295 sequentia
690 2213 790 2275 multa
812 2212 925 2276 similia
946 2211 1107 2296 praebent.

414 2308 446 2389 8)
467 2310 517 2375 De
532 2313 610 2375 turri
629 2311 833 2395 deflagrante,
856 2334 951 2397 quam
973 2312 1037 2376 iam
1059 2333 1153 2394 supra
1175 2311 1425 2392 commemoravi,

331 2407 365 2471 hi
386 2431 510 2496 quoque
531 2412 680 2494 leguntur
701 2433 811 2476 versus
833 2413 964 2510 similes:

343 2595 345 2598 -
380 2560 447 2614 Aen.
465 2561 506 2612 IX
522 2559 585 2614 539:
603 2601 609 2612 .
629 2600 634 2612 .
652 2602 659 2615 .
677 2601 683 2613 .
701 2562 772 2613 Dum
789 2579 816 2615 se
829 2564 983 2630 glomerant
1000 2566 1123 2629 retroque
1141 2562 1259 2614 residunt

605 2644 765 2712 lupariam,
784 2659 852 2710 quae
870 2648 943 2712 peste
960 2648 1040 2697 caret.

381 2726 426 2779 Sil.
445 2726 510 2778 XIV
522 2723 584 2781 445:
602 2727 675 2789 Quos
692 2728 756 2795 fuga
774 2729 932 2795 praecipites
949 2732 1052 2796 partem
1069 2729 1231 2796 glomerarat
1248 2729 1276 2780 in
1293 2746 1374 2781 unam

603 2810 711 2880 Puppis,
729 2811 816 2863 adhuc
834 2828 947 2864 vacuam
964 2812 1066 2864 taedae.

414 2941 446 3021 9)
476 2943 608 3006 Paullus
643 2943 728 3028 apud
770 2944 891 3024 Silium,
932 2943 1015 3008 Dido
1058 2944 1143 3030 apud
1185 2944 1281 3029 Verg.
1324 2950 1423 3009 morte

329 3041 512 3106 imminente
534 3043 573 3107 de
595 3042 748 3126 dignitate
771 3065 828 3107 sua
850 3043 972 3107 dicunt:

285 3239 287 3245 .
379 3190 446 3243 Aen.
464 3191 503 3243 IV
514 3189 576 3245 654:
594 3193 628 3244 ut
645 3210 716 3245 nuno
733 3210 831 3262 magna
848 3195 902 3246 mei
918 3194 967 3246 sub
984 3198 1068 3246 terras
1086 3195 1134 3246 ibit
1151 3195 1243 3270 imago

380 3272 425 3325 siu
443 3273 470 3325 X
486 3272 549 3326 289:
595 3315 601 3327 .
620 3314 625 3326 .
645 3313 651 3326 .
669 3316 675 3329 .
693 3276 749 3328 Nec
766 3293 857 3330 manes
875 3281 931 3329 tam
949 3295 1035 3348 parva
1049 3279 1178 3330 intramus
1195 3279 1283 3347 irnagc

274 3435 277 3441 ¹
335 3449 337 3454 ι
406 3407 496 3482 Quae
504 3408 688 3487 Vergiliana
698 3409 796 3472 rerba
809 3410 872 3518 alio
887 3410 955 3475 loco
970 3418 1002 3476 et
1017 3412 1101 3498 apud
1113 3411 1223 3475 Silium
1234 3411 1317 3486 Dido
1332 3391 1421 3476 facit:

380 3541 426 3594 su.
434 3541 502 3592 VHI
511 3538 573 3594 146:
591 3542 668 3596 Nunc
686 3542 720 3595 ad
738 3559 784 3595 vos
801 3545 892 3612 magni
909 3544 1050 3597 descendet
1068 3545 1184 3612 corporis
1201 3523 1305 3599 umbra.

415 3672 465 3753 10)
486 3673 535 3738 De
556 3673 737 3739 Hannibale
766 3683 798 3740 et
819 3676 875 3740 On.
897 3676 1041 3762 Scipione
1068 3677 1101 3740 in
1128 3699 1236 3764 pugna
1265 3677 1421 3743 Cannensi

328 3796 440 3838 manus
475 3774 709 3840 conserentibus
732 3776 855 3854 vSilium
891 3783 1018 3841 anctore
1054 3777 1204 3861 Vergilio,
1242 3781 1296 3864 qui
1328 3780 1421 3843 simili

328 3875 489 3940 occasione
525 3877 631 3940 oblata
666 3876 705 3941 de
741 3878 852 3942 Aenea
887 3884 919 3941 et
939 3867 1061 3942 ¹Turno
1104 3879 1244 3944 similiter
1286 3880 1419 3963 dixerat,

328 3976 487 4061 scripsisse
508 3976 635 4041 difficile
656 3999 720 4042 non
741 3985 789 4043 est
810 3979 951 4058 cognitu:

370 4113 444 4173 'Aen
455 4117 509 4171 XII
517 4114 580 4173 708:
593 4156 797 4173 .........
816 4119 921 4188 (Stupet
939 4123 995 4189 ipse
1012 4120 1134 4184 Latinus)

592 4202 717 4270 Ingentes
735 4205 874 4271 genitos
891 4205 1044 4258 diversis
1061 4205 1224 4273 partibus
1242 4207 1336 4260 orbis

591 4287 665 4341 Inter
681 4303 709 4340 se
726 4289 818 4344 coiisse
836 4289 905 4342 viros
922 4293 948 4344 et
965 4305 1072 4344 eernere
1089 4290 1167 4343 ferro.
