3244 4996
655 373 862 436 „11-

213 560 359 641 serpente
393 555 594 632 describendo
634 556 806 643 usurpavit,
841 555 935 620 Silius
973 555 1049 619 item
1089 576 1130 619 ex
1164 555 1304 635 Vergilio

213 657 391 744 assumpsit,
420 663 451 721 et
465 657 600 721 'duobus
626 655 752 739 quidem
780 676 798 720 e
825 656 915 737 locis3
937 676 1011 719 nam
1038 655 1174 742 primum
1195 676 1304 720 versus

264 826 309 878 sil.
327 826 354 878 Π
370 821 431 878 585:
453 825 645 878 Caeruleus
662 825 811 878 maoulis
827 841 910 878 auro
927 824 1109 892 squalentibus
1126 823 1221 892 anguis

213 974 387 1040 simillimus
409 980 456 1038 est
477 974 544 1038 loeo
565 930 715 1038 Aeneidis
737 994 833 1060 supra
854 973 964 1036 allato:

209 1123 210 1128 ’
261 1121 432 1180 AenVBV:
455 1125 649 1179 caeruleae
675 1125 718 1177 eui
744 1129 819 1192 terga
841 1128 919 1178 notae
941 1126 1141 1177 maculosus
1162 1127 1188 1176 et
1212 1140 1304 1176 auro.

294 1275 415 1338 Tamen
445 1273 494 1336 his
522 1273 625 1338 verbis
652 1274 755 1336 minus
782 1272 982 1337 tribuendum
1010 1294 1079 1336 esse
1110 1277 1195 1358 pute,
1222 1272 1305 1354 quod

213 1374 323 1439 eadem
354 1374 509 1439 voeabula
540 1374 666 1457 saepius
696 1375 729 1437 in
764 1375 876 1456 anguis
911 1372 1119 1458 descriptione
1155 1377 1186 1436 et
1221 1371 1305 1457 apud

214 1474 388 1558 Vergilium
417 1480 448 1538 et
476 1474 561 1558 apud
591 1472 701 1538 Silium
728 1473 876 1554 redeunt;
908 1473 1041 1557 legimus
1073 1473 1156 1536 enim
1186 1471 1305 1536 Siliana

213 1567 317 1658 verba
330 1574 441 1640 eodem
462 1575 568 1640 ordine
589 1576 739 1639 collocata
761 1595 865 1659 georg.
885 1574 934 1640 IV
956 1577 1011 1638 91:

461 1725 611 1778 maculis
635 1740 718 1777 auro
742 1723 991 1790 squalentibus
1016 1765 1017 1768 ,

215 1876 328 1940 etalio
352 1875 459 1940 ordine
481 1874 566 1960 apud
588 1873 699 1937 Silium
719 1871 782 1937 XV
807 1874 881 1936 139:

461 2024 712 2092 squalentibus
729 1989 819 2076 'auro
843 2021 980 2092 Effnlgens
997 2023 1154 2092 maculis,

214 2181 336 2246 Deinde
357 2180 443 2266 apud
458 2180 567 2244 Silium
588 2181 608 2244 1.
629 2181 649 2244 l.
670 2181 767 2245 verba
788 2179 999 2260 inveniuntur,
1021 2179 1133 2264 quibus
1144 2179 1305 2264 Vergilius

215 2303 350 2366 anguem
370 2280 581 2345 Laoooontem
603 2285 763 2366 petentem
784 2280 1021 2366 descripserat:

266 2448 331 2502 Aen.
344 2448 371 2500 Π
384 2445 445 2522 2101
462 2447 646 2513 Ardentesque
664 2449 753 2498 oeulos
771 2447 874 2500 suffeoti
891 2448 1063 2516 sanguine
1085 2451 1112 2500 et
1132 2448 1206 2516 igni

464 2530 577 2582 Siblia
598 2531 752 2582 lambebant
774 2531 908 2599 linguis
929 2531 1154 2583 vibrantibus
1176 2547 1243 2583 ora.

266 2614 311 2668 Sil.
333 2614 361 2666 II
382 2611 443 2666 586:
464 2614 573 2682 Ignea
596 2614 791 2681 sanguinea
814 2613 956 2666 radiabant
972 2615 1073 2666 lumina
1090 2615 1198 2666 flamma

463 2696 601 2765 Oraque
624 2696 786 2749 vibranti
808 2697 955 2750 stridebant
972 2697 1081 2751 sibila
1105 2698 1234 2767 lingua.

297 2862 336 2927 V.
363 2862 507 2928 Aeneam
522 2864 725 2928 dormientem
740 2864 815 2928 dum
828 2864 947 2928 bellum
962 2865 1067 2928 Turno
1083 2864 1306 2928 exstimulante

146 3005 151 3014 -
215 2963 369 3028 aLatino
397 2971 535 3050 paratur,
562 2965 735 3042 Tiberinus,
762 2964 840 3030 deus
866 2964 934 3047 looi,
964 2969 1057 3028 noctu
1086 2963 1242 3044 admonet,
1270 2970 1305 3027 ut
1382 2989 1386 2995 ·

215 3064 368 3128 auxilium
389 3070 478 3150 petat
499 3066 539 3129 ab
561 3065 717 3130 Euandro.
755 3066 848 3130 Hane
862 3066 1080 3149 Vergilionem
1101 3064 1306 3149 componendi

214 3165 368 3228 rationem
390 3165 484 3229 Silius
510 3167 542 3228 in
570 3187 661 3230 suum
688 3188 780 3229 usum
805 3167 907 3247 vertit,
934 3187 1005 3228 oum
1025 3164 1213 3228 Hannibalis
1236 3172 1305 3228 oon-

216 3264 320 3328 silium
340 3264 564 3350 Appenninum
590 3266 772 3330 transeundi
801 3273 831 3331 et
858 3267 891 3330 in
912 3265 1071 3329 Etruriam
1092 3265 1306 3351 proficiscendi

215 3365 333 3450 pariter
353 3365 487 3430 instituit
509 3371 668 3451 ornetque.
691 3367 817 3440 Quanto
839 3388 932 3452 opere
955 3372 1060 3430 autem
1081 3366 1135 3428 ille
1156 3364 1305 3429 Aeneidis

216 3464 302 3528 loeus
324 3472 397 3530 ente
425 3468 529 3531 oeulos
557 3467 586 3530 ei
607 3473 750 3530 versatus
770 3465 874 3549 fuerit,
900 3489 917 3531 e
939 3467 1091 3530 similibus
1112 3465 1216 3530 verbis
1238 3487 1305 3528 sen·

216 3565 446 3649 tertiarumque
468 3568 574 3632 ordine
590 3567 666 3631 satis
687 3567 888 3651 intellegitur.
919 3568 1001 3631 Juno
1017 3567 1099 3630 enim
1120 3567 1152 3629 in
1173 3566 1306 3630 formam

216 3665 422 3749 Trasimenni,
455 3668 505 3733 dei
539 3668 607 3748 looi,
636 3673 758 3732 mutata
786 3674 879 3731 noetu
905 3666 965 3746 (IV
993 3665 1065 3744 725)
1091 3665 1306 3730 Hannibalem

216 3767 423 3832 somniantem
437 3768 588 3848 hortatur,
601 3774 636 3832 ut
650 3769 682 3831 in
697 3767 857 3831 Etruriam
870 3767 1026 3850 profectus
1037 3767 1187 3831 Romanis
1201 3765 1306 3830 olades

216 3865 338 3933 inferat.
387 3868 505 3943 Quodsi
533 3868 709 3949 eonfeoerit,
740 3868 826 3931 addit
854 3867 1074 3931 Trasimennus
1102 3866 1212 3931 iisdem
1239 3865 1306 3930 fere

216 3968 320 4031 verbis
341 3989 378 4032 ao
393 3968 559 4032 Tiberinus
577 3968 660 4054 apud
676 3969 852 4051 Vergilium
868 3989 951 4047 usus,
970 3967 1086 4046 gratias
1104 3967 1163 4031 sibi
1176 3966 1306 4046 referat;

216 4088 289 4130 nam
322 4089 355 4132 se
387 4090 456 4133 esse
485 4105 526 4114 -
553 4067 690 4131 nondum
721 4073 851 4132 noverat
882 4089 983 4152 neque
1011 4067 1173 4131 Hannibal
1204 4086 1307 4158 neque

215 4166 352 4250 Aeneas,
375 4169 442 4253 quis
463 4169 516 4234 ille
538 4174 620 4234 esset
641 4205 682 4214 -
703 4169 762 4234 looi
784 4169 877 4235 deum
902 4167 953 4234 hic
974 4168 1222 4255 Trasimennum,
1244 4167 1307 4237 illio

216 4266 413 4334 Tiberinum:
