3244 4996
456 985 709 1082 JOANNES
746 987 1002 1063 GROESST
1036 989 1088 1062 de
1115 989 1202 1063 vita
1227 1011 1316 1064 sua.

414 1251 517 1316 Natus
531 1274 600 1316 sum
611 1253 749 1318 Joannes
764 1253 894 1318 Groesst
909 1259 981 1319 ante
996 1254 1078 1319 diem
1095 1257 1261 1341 septimum
1277 1255 1433 1320 Calendas

337 1351 527 1416 Februarias
556 1375 636 1418 anno
667 1357 744 1418 1861
775 1353 914 1418 Berolini
942 1361 1032 1440 patre
1061 1355 1304 1442 Augusto,1qui
1335 1357 1368 1419 in
1398 1377 1431 1420 re

337 1452 509 1516 vehiculari
541 1455 746 1541 epistularum
778 1454 880 1519 officio
913 1455 1038 1520 functus
1071 1463 1127 1539 est,
1159 1463 1260 1521 matre
1287 1457 1435 1540 Augusta

338 1559 468 1635 egente
483 1553 687 1618 Ouwalliana.
712 1555 822 1619 Fidem
844 1556 992 1641 profiteor
1015 1557 1239 1640 evangelicam.
1264 1557 1434 1620 Doctrinae
1499 1573 1502 1578 “

265 1732 269 1737 ¹
337 1652 499 1716 elementis
520 1654 553 1716 in
580 1653 653 1724 ludo
681 1655 804 1740 privato
825 1655 1021 1720 Berolinensi
1047 1657 1215 1720 instructus
1236 1657 1433 1737 gymnasium

297 1839 298 1844 γ
335 1751 537 1818 Berolinense
568 1754 811 1842 Leucophaeum
844 1748 1042 1841 frequentavi
1078 1757 1118 1820 ab
1151 1762 1294 1821 extrema
1332 1756 1433 1819 classe

336 1874 436 1936 usque
464 1853 505 1916 ad
536 1855 679 1938 primam.
726 1855 796 1929 Qua
821 1847 861 1918 ‘in
893 1856 1011 1932 schola,
1045 1857 1095 1920 cui
1126 1877 1188 1920 non
1219 1855 1310 1920 modo
1341 1855 1432 1919 disci-

336 1952 463 2038 plinam,
489 1954 543 2018 sed
572 1955 666 2018 etiarn
699 1955 879 2020 adiumenta
910 1956 960 2020 vel
988 1957 1063 2020 civis
1094 1957 1300 2022 academicus.
1322 1955 1432 2036 debeo,
1542 1963 1544 1970 '

337 2054 533 2138 antiquitatis
554 2055 721 2119 virtutibus
744 2055 822 2120 adeo
850 2055 1025 2120 delectatus
1052 2079 1129 2136 sum,
1160 2063 1195 2121 ut
1224 2078 1241 2120 e
1268 2057 1432 2141 gymnasio

217 2167 224 2186 ··
337 2174 481 2237 egressus
516 2155 619 2219 studio
652 2155 851 2240 antiquarum
884 2156 1060 2219 litterarum
1092 2177 1143 2220 mc
1174 2155 1289 2220 dedere
1320 2155 1432 2218 consti-

296 2255 297 2258 ’
335 2259 465 2318 tuerem.
501 2256 603 2330 Quam
626 2255 754 2319 obrem
774 2276 881 2319 mense
897 2255 1025 2320 Octobri
1047 2258 1120 2320 anni
1133 2259 1224 2342 ,1880
1246 2257 1326 2318 inter
1347 2254 1432 2318 cives

336 2355 531 2419 academicos
559 2355 780 2419 Universitatis
808 2356 986 2420 Fridericae
1016 2356 1193 2420 Guilelmae
1221 2355 1432 2419 Berolinensis

335 2461 480 2541 receptus
503 2461 534 2518 ct
556 2454 655 2518 ordini
676 2455 930 2542 philosophorum
952 2457 1127 2542 adscriptus
1149 2479 1226 2520 sum.
1264 2455 1327 2520 Sed
1349 2476 1430 2518 anno

336 2561 409 2618 ante
432 2576 526 2638 quam
548 2555 607 2618 hoc
629 2556 776 2637 consequi
797 2562 948 2640 poteram,
969 2563 1059 2642 pater
1085 2579 1102 2620 e
1124 2558 1190 2620 vita
1214 2555 1368 2637 discessit,
1396 2561 1430 2618 ut

334 2655 407 2719 inde
429 2656 469 2718 ab
491 2655 544 2718 illo
566 2660 707 2741 tempore
730 2677 747 2720 e
769 2655 928 2742 discipulis
950 2656 1096 2721 docendis
1124 2662 1288 2742 quaestum
1317 2675 1429 2741 capere

335 2776 473 2838 cogerer,
495 2776 535 2818 ne
557 2755 720 2819 consilium
742 2755 836 2819 studii
857 2755 1036 2842 philologici
1057 2758 1212 2820 incassum
1234 2756 1324 2820 foret.

417 2855 545 2919 Litteris
574 2861 680 2920 autem
706 2855 889 2920 liberalibus
917 2878 974 2943 per
1001 2849 1148 2939 quattuor
1176 2877 1273 2920 annos
1301 2876 1429 2940 operam

335 2955 417 3037 dedi,
452 2977 509 3041 per
544 2955 628 3040 quod
662 2962 786 3041 tempus
821 2977 871 3020 me
911 2956 1082 3020 docuerunt
1116 2957 1175 3020 viri
1213 2954 1428 3019 illustrissimi:

336 3055 470 3137 Curtius,
504 3056 666 3137 Huebner,
702 3057 839 3137 Vahlen,
877 3056 1052 3136 Kirchhoff,
1091 3055 1223 3119 Robert¹
1244 3054 1428 3135 Mommsen,
1541 3055 1545 3060 ’

292 3155 294 3165 ⁴
334 3179 363 3220 v.
385 3155 577 3237 Trcitschke,
598 3155 751 3240 Droysen,
773 3155 883 3242 Zell'er,
904 3145 1051 3236 Paulson,
1072 3155 1230 3240 Dielthey.
1265 3154 1318 3218 Ad
1340 3175 1429 3218 exer-

330 3251 505 3336 citationes,
533 3276 611 3337 quas
632 3256 794 3319 instituere
816 3256 903 3336 solet,
929 3255 1083 3320 Aemilius
1104 3255 1265 3335 Huebner,
1291 3276 1347 3341 per
1366 3253 1428 3317 tria

335 3356 497 3420 semestria
518 3356 739 3439 benignissime
768 3377 819 3420 me
848 3356 986 3437 admisit3
1016 3355 1181 3420 seminario
1208 3356 1296 3438 regio
1324 3359 1428 3418 extra-

335 3456 509 3520 ordinarius
541 3456 643 3520 socius
674 3478 730 3541 per
763 3477 879 3520 annum
911 3456 1048 3520 interfui.
1099 3456 1166 3518 Illis
1200 3455 1275 3517 viris
1311 3454 1427 3542 optime

334 3556 373 3621 de
395 3578 445 3620 me
466 3557 585 3620 meritis
606 3556 725 3640 gratias
745 3577 806 3640 ago
828 3578 922 3640 quam
943 3557 1105 3620 maximos.
1317 3567 1319 3572 ’
