3244 4996
782 405 988 465 „32-

422 586 493 650 Hoc
520 585 663 650 mutandi
694 585 840 666 studium,
873 605 943 648 eam
974 585 1014 648 ob
1045 605 1111 648 rem
1140 584 1430 649 commemoratione

341 686 470 769 dignum
496 692 551 766 est,
579 685 662 771 quod
690 685 849 749 effluxisse
878 685 1001 749 videtur
1029 707 1069 749 ex
1097 685 1159 748 alio
1181 693 1295 768 poetae
1321 683 1431 764 studio,

340 787 422 868 quod
454 808 473 850 a
505 786 638 870 Vergilii
670 786 790 850 ratione
824 787 918 869 longe
953 786 1090 849 alienum
1126 791 1182 848 cst.
1236 784 1316 848 (lum
1349 786 1430 848 enirn

339 887 500 971 Vergilius
522 886 703 971 saepissime
718 905 825 950 versus
845 886 1015 966 iteraverit,
1036 885 1068 948 id
1091 885 1172 969 quod
1194 886 1309 948 exilem
1331 884 1431 967 magis

340 987 536 1071 diligentiam
571 992 684 1072 poetae
719 1005 813 1068 quam
849 993 1035 1071 occupatum
1067 985 1261 1069 gravioribus
1293 987 1429 1048 animum

340 1087 452 1172 prodit,
475 1086 568 1151 Silius
590 1086 650 1151 hac
671 1087 702 1149 in
721 1107 755 1150 re
775 1092 933 1150 auctorem
949 1107 1038 1150 suum
1055 1108 1115 1151 non
1132 1086 1279 1168 sequitur.
1306 1085 1431 1148 Etenim

339 1188 456 1270 ubique
491 1208 611 1250 summo
644 1187 746 1250 studio
778 1208 962 1271 summaque
998 1194 1065 1250 arte
1102 1209 1174 1251 eum
1209 1185 1240 1249 id
1276 1185 1431 1248 studuisse

339 1288 490 1369 videmus,
518 1309 558 1351 ne
586 1287 617 1349 in
637 1286 736 1370 ,verba
763 1308 783 1349 a
809 1307 841 1349 sc
867 1287 929 1350 iam
955 1294 1107 1369 usurpata
1134 1288 1247 1351 iterum
1274 1285 1433 1348 incideret.

340 1389 430 1462 Quae
452 1409 503 1451 ars
524 1387 642 1451 colores
663 1386 805 1451 variandi
826 1393 883 1468 est,
905 1393 940 1450 ut
961 1386 1124 1450 Ernestius
1146 1387 1198 1466 ait,
1220 1408 1293 1472 pars
1314 1385 1432 1469 ingenii

339 1489 447 1552 Siliani
468 1488 606 1551 maxime
627 1487 757 1570 insignis
779 1493 810 1550 et
832 1486 965 1566 ferax1).

402 1574 524 1654 'Venio
545 1609 627 1651 nuno
650 1587 690 1650 ad
713 1588 845 1651 alterurn
867 1588 1075 1652 imitationum
1096 1608 1204 1672 genus.
1247 1586 1328 1650 Cum
1350 1587 1430 1650 enim

339 1691 371 1753 in
392 1690 446 1753 illo
467 1690 569 1772 priore
591 1709 707 1771 genere
729 1687 823 1751 Silius
833 1687 1020 1772 Vergiliana
1037 1689 1106 1773 ipsa
1125 1688 1289 1773 paululum
1310 1693 1432 1750 mutata

339 1790 501 1872 praebeat,
541 1787 592 1852 hie
628 1809 736 1851 versus
774 1788 859 1872 ipsos
895 1809 913 1851 e
948 1789 1090 1872 Vergilio
1129 1789 1331 1874 transcriptos
1370 1808 1431 1850 uon

339 1890 501 1970 habemus,
523 1887 577 1953 sed
599 1896 705 1952 tamen
728 1889 802 1951 satis
824 1895 909 1952 certa
930 1890 1057 1972 originis
1071 1889 1206 1973 vestigia
1224 1889 1334 1953 relicta
1353 1894 1432 1951 sunt.

339 1988 410 2053 Hoc
430 1989 638 2052 imitationum
659 2009 760 2071 genus
780 1995 905 2073 praeter
926 1989 1156 2072 compositionis
1177 1996 1286 2071 artem,
1307 1988 1347 2052 de
1369 2010 1431 2073 qua

340 2090 441 2174 prima
461 2089 554 2152 huius
579 2088 805 2153 dissertationis
831 2095 921 2170 parte
948 2090 1009 2172 egi,
1038 2090 1175 2152 maxime
1202 2089 1349 2154 idoneum
1377 2095 1432 2168 est,

340 2207 400 2270 quo
422 2188 607 2269 declaretur,
636 2189 710 2272 quid
738 2189 777 2252 de
803 2189 870 2252 Silii
895 2189 1020 2271 ingenio
1048 2189 1249 2252 iudicandum
1280 2190 1329 2270 sit,
1361 2209 1432 2251 cum

339 2296 466 2373 propter
497 2309 661 2352 numerum
687 2309 835 2352 versuum
867 2289 1100 2374 descriptorum,
1134 2291 1187 2374 qni
1218 2290 1317 2352 maior
1347 2288 1431 2374 apud

259 2462 263 2470 Ι
338 2387 448 2451 Silium
471 2394 518 2451 est
540 2406 634 2469 quarn
657 2386 741 2476 apud
763 2388 862 2451 ullum
891 2389 987 2452 alium
1016 2395 1150 2474 poetam,
1179 2390 1232 2474 qui
1254 2389 1430 2472 Vergilium

337 2496 464 2552 'secutus
486 2494 542 2569 est,
564 2495 637 2552 tum
662 2489 801 2552 maxime
823 2496 950 2574 propter
971 2491 1124 2554 rationem
1145 2491 1176 2553 in
1199 2489 1348 2553 imitando
1370 2489 1430 2552 usi·

338 2595 446 2653 tatam.
488 2589 546 2652 Est
568 2589 650 2653 enim
671 2595 739 2652 tam·
765 2589 881 2672 exigua
908 2590 941 2652 in
966 2589 1041 2654 Silio
1067 2591 1185 2674 ingenii
1212 2591 1269 2672 vis,
1297 2596 1332 2653 ut
1360 2611 1430 2652 nus-

339 2707 434 2770 quam
466 2709 485 2751 a
515 2688 649 2752 lectione
676 2687 1026 2772 Vergiliauaanimum
1058 2711 1206 2754 revocare
1237 2690 1344 2775 possit,
1377 2688 1430 2753 sed

338 2789 443 2852 omnia
464 2788 584 2871 reddat,
606 2810 688 2874 quae
710 2790 801 2853 simili
823 2789 973 2855 Aeneidis
993 2793 1061 2855 loco
1083 2793 1209 2877 propria
1231 2797 1310 2855 sunt.

421 2889 627 2954 Inveniuntur
648 2895 754 2954 autem
776 2891 981 2955 imitationes:

417 2988 445 3052 Ι.
466 2989 498 3052 in
519 2989 567 3071 iis,
590 3011 671 3074 quac
693 2990 780 3054 addit
801 2991 841 3054 ad
867 2992 1012 3070 locorum,
1032 2991 1206 3071 fluviorum,
1228 2991 1353 3055 urbium
1374 2999 1430 3056 etc.

338 3088 473 3152 nomina.
494 3089 575 3153 Rem
596 3089 697 3174 ipsam
712 3092 897 3176 plerumque
919 3091 1120 3174 notissimam,
1137 3092 1210 3174 quia
1232 3092 1347 3176 ubique
1365 3092 1430 3155 fere

338 3195 494 3268 narratur,
517 3210 535 3252 e
556 3188 697 3272 Vergilio
719 3189 845 3254 haurire
868 3213 929 3254 non
951 3213 1029 3276 opus
1052 3199 1127 3258 erat.
1148 3193 1232 3256 Nam
1254 3192 1374 3273 Silium,
1396 3197 1431 3256 ut

339 3290 518 3374 exemplum
551 3290 721 3374 proferam,
756 3312 827 3354 cum
858 3291 1068 3376 Agrigentum
1105 3294 1243 3358 nominat
1281 3293 1430 3372 „altorem

339 3388 507 3474 equorum“
530 3390 610 3453 XIV
622 3392 692 3471 208,
714 3391 773 3454 hoc
791 3413 808 3454 e
823 3391 963 3477 Vergilio
980 3392 1043 3473 (III
1061 3396 1121 3456 704
1138 3398 1323 3476 ,generator
1338 3412 1429 3476 equo·

338 3488 440 3568 rum“)
461 3490 661 3573 descripsisse
675 3491 729 3554 vix
751 3490 898 3558 credibile
918 3499 978 3573 est3
1000 3494 1076 3556 talia
1091 3514 1198 3557 omnes
1213 3499 1280 3556 tum
1295 3492 1430 3556 seribere

338 3595 507 3673 potuerunt
528 3590 622 3653 etiam
644 3590 786 3674 Vergilio
807 3613 868 3655 non
889 3593 979 3673 lecto,
1001 3594 1086 3656 velut
1108 3614 1164 3656 nos
1185 3593 1278 3656 hodie
1299 3592 1430 3655 dicimus

338 3688 378 3750 de
403 3689 502 3773 pretio
524 3711 674 3774 equorum
694 3690 940 3775 Anglioanorum
962 3693 1013 3755 vel
1033 3692 1329 3772 Hungaricorum2).
1368 3691 1429 3755 Sed

338 3795 444 3852 tamen
479 3810 541 3852 non
575 3811 746 3875 numquam
778 3792 866 3856 illum
896 3799 968 3856 ante
997 3794 1102 3857 oculos
1130 3794 1159 3857 ei
1187 3794 1292 3874 fuisse,
1325 3792 1429 3856 simili-

338 3887 498 3952 tudinibus
519 3889 759 3972 demonstratur,
782 3913 864 3976 quae
886 3899 1012 3956 exstant
1033 3893 1114 3957 inter
1135 3894 1212 3958 duos
1234 3899 1356 3978 poetas:

345 4007 426 4012 -.-..
432 4007 538 4014 .-.--...

423 4070 441 4133 1)
459 4074 529 4126 idem
547 4073 709 4126 demonstrat
726 4076 752 4126 in
771 4077 895 4143 epithetis
913 4079 966 4130 Leo
985 4077 1135 4130 Cholovius.

420 4152 441 4218 2)
459 4158 491 4208 In
516 4158 714 4223 quaestionibus
737 4160 816 4210 huius
839 4160 911 4211 modi
934 4161 1060 4227 proficere
1081 4165 1157 4227 potes
1178 4177 1211 4211 ex
1229 4159 1312 4211 Blasii
1335 4159 1430 4210 disser-

338 4239 447 4303 tatione,
471 4242 497 4292 in
522 4241 664 4293 annalibus
690 4241 856 4294 Fleckeiseni
882 4238 947 4294 1874
970 4262 995 4310 p.
1019 4241 1076 4308 olli,
1100 4243 1203 4312 ubido
1228 4243 1338 4294 Woaolii
1362 4242 1429 4292 libro

339 4323 463 4392 loquitur.
