3244 4996
627 391 861 464 ,-19-

127 541 138 566 ⁹
208 578 376 657 utrumque
391 575 592 638 consentiant.
618 573 714 660 Apud
729 572 906 658 Vergilium
916 572 1043 639 Aeneas
1058 575 1099 660 ad
1108 573 1301 656 Euandrum,

209 673 294 758 apud
315 674 427 738 Silium
448 673 552 761 Scipio
579 673 620 736 ad
641 672 819 758 Syphacem
840 695 949 758 regem
970 675 1063 754 venit,
1090 681 1125 738 ut
1149 675 1302 738 auxilium

209 779 306 859 petat,
337 795 374 837 ao
402 774 624 857 benignissime
658 779 791 857 uterque
825 775 980 860 recipitur.
1023 775 1106 839 Nam
1127 780 1302 860 postquam,

211 873 292 956 quod
313 875 389 952 vult,
410 874 565 959 exposuit,
586 893 643 937 rex
664 895 720 937 ora
742 879 773 936 at
794 874 899 938 vultus
921 875 1037 938 orantis
1059 875 1301 959 contemplatus:

260 1025 326 1076 Aen.
339 1023 407 1074 VIII
425 1020 487 1076 152:
506 1064 512 1075 .
532 1065 537 1075 .
556 1063 562 1074 .
581 1024 626 1075 illa
644 1039 672 1075 os
691 1022 834 1089 oculusque
852 1023 985 1088 loquantis

246 1113 250 1122 '
505 1107 523 1158 J
525 1123 568 1159 am
586 1106 686 1158 dudum
693 1145 810 1159 ......
827 1107 966 1159 lustrabat.

257 1191 302 1243 Sil.
326 1189 392 1241 XVI
418 1187 480 1242 190:
504 1189 572 1240 Tum
590 1190 674 1242 laetos
691 1191 800 1242 volvens
818 1191 908 1241 oeulos
925 1189 1037 1242 adversa
1055 1207 1102 1257 par
1120 1206 1166 1243 ora

207 1324 286 1387 haec
307 1322 404 1386 verba
426 1322 519 1386 facit:

258 1473 324 1526 Aen.
340 1473 407 1524 VIII
425 1470 487 1524 154:
506 1511 511 1524 .
532 1511 537 1521 .
557 1510 563 1522 .
581 1475 610 1523 ut
628 1476 662 1535 ta,
680 1471 821 1525 fortissima
840 1472 971 1525 'Faucium

506 1555 653 1623 Accipio
671 1571 839 1623 agnoscoque
857 1556 988 1608 libans!
1006 1560 1036 1608 ut
1053 1559 1134 1610 verba
1152 1561 1269 1626 parantis

506 1639 539 1691 Et
556 1655 648 1691 vocam
665 1638 800 1691 Anchisae
820 1640 911 1706 magni
929 1641 1084 1706 vultumque
1102 1643 1269 1694 recordor

258 1723 303 1775 Sil.
329 1722 396 1773 XVI
421 1719 483 1772 192:
506 1721 593 1782 Quam
610 1724 644 1785 ta,
662 1720 817 1774 Dardanide
834 1723 1021 1788 pulcherrime,
1038 1726 1127 1775 manta
1144 1741 1237 1777 serane
1319 1759 1324 1768 ·

504 1804 1303 1872 Accipio‚intuaorqualibens!quamquam-aracordcr
1345 1837 1348 1844 ⁴

506 1888 604 1940 Laetus
622 1887 777 1954 Scipiadae!
795 1888 913 1940 Remeat
931 1892 977 1940 tua
994 1889 1080 1942 forma
1097 1894 1236 1955 perentam

289 2037 348 2100 His
370 2036 473 2101 verbis
494 2036 678 2120 insequente
700 2056 804 2117 versu,
826 2038 880 2120 qui
901 2037 1020 2122 pariter
1041 2037 1164 2121 incipit:

289 2137 369 2201 Aen.
397 2139 471 2200 157:
501 2158 587 2200 nam
615 2136 750 2200 memini.
793 2135 846 2200 Sil.
877 2139 951 2200 195:
980 2159 1065 2201 nam
1092 2145 1200 2224 repeto

206 2259 264 2303 rax
278 2237 364 2323 apud
373 2244 545 2319 ,utrumque
561 2236 656 2319 addit,
671 2257 704 2300 se
719 2243 813 2300 antea
828 2237 985 2320 quondam
1000 2258 1070 2300 cum
1085 2245 1216 2323 parente
1231 2260 1301 2303 con-

207 2338 372 2416 vanisse1),
401 2358 495 2422 quam
516 2338 656 2401 maxima
684 2335 889 2400 admiratione
911 2343 1082 2402 commotus
1104 2337 1299 2424 adspexerit:

256 2489 322 2540 Aen.
340 2486 402 2540 163:
420 2485 537 2540 Mirabar
555 2487 635 2539 ducas
653 2486 770 2538 Teucrus
788 2525 968 2539 ........

422 2694 427 2704 .
447 2694 453 2705 .
471 2694 477 2706 .
495 2655 561 2704 mihi
578 2669 652 2704 mens
670 2654 788 2704 iuvenali
805 2652 917 2704 ardebat
934 2670 1024 2706 amora

422 2736 588 2804 Compellare
606 2736 693 2787 virum
710 2774 841 2788 ......

260 2820 305 2872 Sil.
331 2815 394 2870 198:
419 2820 548 2871 Ductores
565 2819 632 2870 miro
651 2818 785 2884 quondam
803 2834 845 2869 me
863 2834 970 2870 camara
988 2834 1085 2871 amera.

289 2968 370 3030 Tum
391 2975 503 3054 poetae
525 2968 836 3052 consentiuntgquod
851 2974 1019 3052 utrumque
1040 2989 1147 3052 ragam
1169 2977 1299 3054 epatre

206 3067 371 3151 utriusque
389 3067 475 3132 ducis
496 3069 578 3132 dona
599 3068 756 3151 accepisse
778 3067 884 3132 dicunt
905 3066 997 3148 (Aen.
1022 3071 1080 3132 166
1095 3104 1136 3112 -
1150 3069 1204 3133 Sil.
1228 3070 1300 3151 199)

21 3185 30 3198 ·
104 3249 113 3266 ,
206 3174 238 3231 et
267 3188 307 3230 ex
339 3174 427 3252 parta
459 3168 584 3252 quidem
613 3168 723 3231 eadem
752 3167 835 3253 apud
864 3173 1032 3252 utrumque
1064 3176 1190 3252 poetam
1223 3190 1297 3233 anu·

205 3273 374 3332 merantur.

288 3367 432 3453 Denique
453 3375 584 3454 postero
612 3367 662 3431 dia
691 3389 748 3431 rax
777 3374 808 3431 at
835 3368 948 3450 hospes
976 3367 1124 3432 vestitum
1151 3390 1300 3454 armaque

206 3468 346 3548 induunt,
372 3489 454 3553 quae
483 3490 532 3532 ras
553 3489 670 3551 magna
699 3474 851 3553 exparte
874 3468 1014 3531 similiter
1041 3468 1241 3549 describitur3
1268 3475 1300 3532 et

200 3570 362 3653 congressi
394 3568 539 3650 colloquii
567 3589 662 3632 causa
695 3567 779 3653 apud
801 3567 896 3647 Varg.
924 3568 956 3630 in
985 3567 1105 3647 mediis,
1134 3568 1218 3654 apud
1246 3569 1300 3633 Sil.

134 3667 136 3672 ’
204 3669 236 3731 in
272 3669 399 3732 sacratis
434 3668 581 3748 „aedibus
618 3666 785 3732 residunt“.
842 3665 934 3747 (Aen.
970 3669 1134 3731 457-468
1171 3703 1209 3710 -
1246 3669 1299 3732 Sil.

204 3767 390 3848 230-245).
526 3771 529 3780 '
883 3759 885 3762 ⁵

286 3868 343 3932 IV.
364 3868 427 3931 Par
440 3889 589 3951 magnam
602 3868 673 3931 libri
687 3866 767 3931 XVI
782 3873 905 3952 partem
920 3866 1014 3930 Silius
1028 3867 1154 3932 Livium
1168 3867 1232 3950 (28,
1246 3867 1299 3948 21)

206 3974 330 4032 secutus
366 3967 541 4053 Scipionem
578 3968 667 4032 ludos
703 3969 735 4029 in
770 3968 869 4053 patris
904 3967 1053 4031 honorem
1085 3968 1299 4031 instituentem

203 4068 330 4132 inducit.
394 4068 491 4132 Cuius
528 4069 697 4153 spectaculi
734 4087 925 4151 quamquam
961 4068 1117 4153 permulta
1153 4069 1299 4150 exempla

288 4292 307 4354 ¹)
325 4293 402 4352 Quod
421 4292 500 4343 Silius
518 4307 571 4343 non
589 4295 688 4342 tamara
706 4290 830 4342 imitandi
847 4307 928 4342 causa
940 4291 1025 4354 finxit,
1046 4291 1106 4343 vide
1124 4292 1181 4343 Liv.
1200 4279 1240 4357 24,
1258 4289 1299 4345 48.

1101 4388 1132 4442 2*
