3244 4996
660 345 867 404 „41-

327 525 372 576 Sil.
390 521 498 576 11441:
565 527 597 576 It
615 526 682 578 liber
700 527 813 593 carnpi
830 529 929 593 pastor,
947 527 989 578 cui
1007 527 1058 576 fine
1077 526 1151 576 sine
1169 526 1242 576 ullo

566 609 710 661 Invetitum
726 610 808 660 saltus
819 613 942 676 penetrat
959 625 1052 676 pecus:
1071 609 1177 659 omnia
1194 609 1313 659 Poenum

566 693 689 744 Armenti
706 693 823 760 vigilem,
840 694 926 760 patrio
945 693 977 744 de
994 709 1067 744 moro
1084 695 1231 758 sequuntur

566 776 706 842 (laesaque
724 778 947 842 latratorque
970 776 1100 841 Cydon,
1124 779 1312 842 tectumque

1073 858 1179 926 focique
1197 862 1246 910 etc.

301 922 333 1004 2)
354 924 469 988 Versui
490 925 543 989 Sil.
565 924 598 988 H
617 927 695 1018 Ι636ε

565 1059 620 1110 Vos
637 1059 718 1110 etiam
735 1058 820 1125 primo
838 1057 937 1125 gemini
954 1057 1085 1108 cecidistis
1104 1058 1130 1108 in
1148 1074 1214 1109 aevo

217 1195 259 1238 ex
270 1174 412 1239 Aeneide
424 1175 455 1238 X
468 1178 539 1258 390,
554 1182 589 1238 ut
605 1198 699 1261 supra
715 1175 935 1257 demonstravi,
950 1173 1104 1255 descripto
1120 1173 1206 1236 addit
1217 1173 1312 1236 Silius
1402 1181 1405 1190 “

216 1275 345 1338 mutatis
367 1277 497 1361 paulum
519 1276 622 1340 verbis
645 1297 691 1356 ea,
713 1297 794 1360 quac
817 1274 902 1360 apud
922 1274 1101 1357 Vergilium
1123 1279 1310 1355 sequuntur:

266 1424 332 1477 Aen.
351 1424 378 1475 X
394 1422 456 1478 391:
500 1464 703 1478 .........
722 1425 857 1477 simillima
874 1426 962 1492 proles

500 1508 646 1561 Indiscreta
664 1509 717 1559 suis
735 1512 879 1575 gratusque
897 1508 1051 1575 parentibus
1069 1523 1142 1558 error

267 1591 312 1643 Sil.
329 1591 357 1642 H
375 1589 438 1643 638:
502 1591 604 1643 Ouncta
621 1608 712 1659 pares;
732 1592 869 1658 dulcisque
887 1590 964 1641 labor
981 1607 1029 1642 sua
1046 1589 1154 1641 nomina
1173 1591 1242 1641 natis

498 1674 626 1726 Reddere.

299 1806 330 1886 3)
356 1807 421 1871 Ubi
448 1808 662 1872 Hannibalem
694 1829 825 1872 uxorem
857 1808 987 1871 invitam
1020 1828 1037 1870 e
1070 1807 1180 1870 castris
1211 1827 1310 1870 remo

214 1914 340 1972 ventem
360 1908 460 1990 fingit,
482 1908 557 1972 Silio
578 1909 717 1972 narratio
738 1908 921 1987 Vergiliana
946 1906 986 1972 de
1011 1907 1151 1988 Euryalo
1177 1913 1208 1970 et
1233 1907 1310 1970 Niso

214 2013 289 2071 ante
311 2007 415 2071 oculos
437 2013 562 2071 versata
584 2029 653 2072 esse
674 2008 811 2072 videtur:

263 2157 330 2210 Aen.
349 2157 390 2209 IX
406 2155 469 2211 211:
495 2159 523 2210 Si
541 2159 599 2226 quis
617 2160 644 2210 in
661 2159 801 2211 adversum
819 2159 906 2225 rapiat
923 2174 1031 2210 casusve
1050 2159 1155 2221 deusve,

498 2242 534 2294 Te
552 2259 688 2310 superesse
706 2243 825 2304 velim,
847 2247 906 2293 tua
929 2242 1003 2294 vita
1020 2241 1162 2308 dignior
1179 2246 1276 2294 aetas

265 2326 310 2378 Sil.
328 2323 434 2378 11194:
496 2325 536 2390 (Si
561 2325 691 2388 Fortuna)
717 2327 861 2393 Laevaque
887 2326 920 2377 sit
947 2325 1055 2392 coeptis,
1080 2329 1106 2376 te
1133 2326 1213 2392 longa
1238 2329 1309 2376 stare

1071 2411 1177 2460 senecta

496 2491 653 2560 Aevumque
671 2492 820 2546 extendisse
837 2493 955 2556 velim,
978 2495 1037 2543 tua
1057 2492 1186 2543 iustior
1203 2495 1259 2545 aet
1289 2509 1309 2544 s.

213 2607 324 2673 eodem
345 2609 377 2672 in
398 2610 482 2673 loco:

263 2758 330 2812 Aen.
348 2760 390 2811 IX
407 2757 469 2812 199:
496 2759 573 2811 Mene
591 2759 672 2827 igitur
689 2759 789 2810 socium
807 2760 916 2810 summis
933 2758 1077 2826 adiungere
1095 2760 1181 2823 rebus,

441 2861 443 2866 ·
495 2843 566 2907 Nise,
583 2842 672 2910 fugis?

263 2928 309 2982 sil.
326 2928 368 2979 III
386 2924 448 2979 109:
494 2927 584 2990 Meneq
599 2926 680 2977 oblite
698 2929 745 2976 tua
762 2928 880 2976 nostram
898 2925 1013 2991 pendere
1031 2926 1117 2976 salute

495 3010 599 3062 Abnuis
615 3010 727 3076 inceptis
744 3009 887 3062 comitem?
982 3011 983 3014 ’

298 3143 329 3224 4)
351 3143 387 3207 In
402 3143 498 3223 fugae
513 3142 720 3228 descriptione
735 3141 886 3206 imitando
907 3162 1057 3226 expressa
1075 3141 1199 3205 invenio
1215 3142 1306 3206 haec:

262 3295 330 3348 Aen.
346 3296 374 3347 H
391 3293 454 3348 723:
498 3331 700 3348 .........
718 3293 835 3345 Dextrae
853 3309 880 3345 se
898 3309 996 3360 parvus
1014 3293 1093 3344 Julus

495 3378 631 3444 Implicuit
648 3377 819 3443 sequiturque
837 3380 941 3444 patrem
957 3393 1011 3428 non
1028 3376 1149 3443 passibus
1166 3377 1266 3443 aequis,

495 3461 567 3512 Pone
585 3460 655 3512 subit
673 3461 796 3512 coniunx.
824 3467 830 3480 ¹

262 3545 307 3598 Sil.
325 3545 364 3597 IV
381 3542 428 3598 30:
495 3545 566 3597 Ante
583 3545 672 3612 agitur
689 3544 820 3606 coniunx3
838 3542 932 3594 dextra
950 3544 1080 3610 laevaque
1097 3545 1239 3596 trahuntur

494 3628 583 3693 Parvi,
601 3645 654 3679 non
672 3643 757 3694 aequo
775 3627 932 3678 comitantes
949 3627 1048 3691 ordine,
1066 3628 1130 3679 nati.

295 3759 327 3840 5)
354 3759 503 3845 iuppiter
530 3760 666 3825 Martem
697 3760 881 3842 adhortans,
903 3766 949 3823 ut
982 3758 1037 3823 (ln.
1066 3759 1243 3845 Scipionem
1275 3761 1307 3823 in

211 3860 380 3946 pugnando
409 3860 545 3942 adiuvet,
574 3860 663 3925 ferba
696 3861 771 3924 facit
804 3860 946 3924 similiter
974 3867 1069 3942 atquc
1097 3860 1182 3946 apud
1210 3862 1307 3944 Verg.

210 3960 360 4025 Euander
380 3960 419 4024 de
440 3961 586 4024 Pallante
608 3961 672 4024 filio
695 3960 735 4024 ad
756 3960 916 4025 Aeneam:
941 3995 943 3998 ·

261 4096 328 4148 Aen.
335 4096 403 4148 VIII
412 4093 475 4148 515:
494 4134 698 4148 .........
716 4096 764 4148 sub
782 4099 808 4147 te
826 4097 940 4148 tolerare
958 4097 1084 4164 magistro

491 4178 615 4230 Militiam
633 4181 659 4230 ct
676 4195 757 4246 grave
774 4179 867 4231 Martis
885 4195 959 4246 opus,
977 4183 1023 4230 tua
1041 4195 1148 4230 cernere
1165 4179 1237 4234 iacta

490 4260 639 4314 Adsuescat
655 4261 746 4329 primis
764 4266 790 4314 et
807 4266 833 4314 te
850 4263 960 4315 miretur
977 4262 1011 4314 ab
1029 4263 1113 4314 annis.
