3244 4996
855 1237 897 1324 Ο.

412 1464 482 1528 Iam
504 1486 574 1528 cum
595 1464 635 1528 de
656 1465 724 1528 Silii
745 1453 918 1530 elocutione
936 1465 1032 1528 verba
1053 1463 1157 1528 facere
1178 1465 1256 1528 mihi
1269 1466 1301 1529 in
1316 1465 1420 1530 animo

331 1565 378 1644 sit,
410 1586 471 1628 non
502 1565 578 1629 illud
611 1564 688 1628 mihi
722 1566 915 1650 propositum
947 1571 1003 1646 est,
1038 1570 1073 1628 ut
1104 1565 1144 1630 de
1179 1567 1263 1630 omni
1298 1566 1421 1631 dicendi

330 1685 446 1748 genero
468 1663 624 1750 disputem
651 1670 719 1743 aut,·
741 1686 823 1749 quae
851 1665 1024 1729 intercedat
1048 1666 1131 1728 inter
1158 1665 1269 1755 Silium
1291 1669 1323 1730 et
1344 1667 1420 1730 alios

327 1759 439 1849 'poetas
468 1765 573 1850 epicos
602 1764 786 1846 differentia,
816 1787 982 1852 exponam,
1015 1766 1069 1831 sed
1100 1767 1144 1830 ita
1176 1787 1280 1850 agam,
1312 1773 1356 1848 ut,
1388 1767 1420 1829 in

330 1864 448 1928 Siliana
470 1865 643 1929 elocutione
665 1865 866 1948 Vergilianas
887 1867 1096 1952 proprietates
1125 1866 1298 1950 exquiram.
1339 1866 1381 1930 Et
1402 1889 1420 1931 e

330 1967 513 2048 quaestione
534 1966 577 2029 sic
598 1966 741 2029 instituta
762 1966 897 2029 fructum
919 1967 989 2052 capi
1010 1988 1101 2052 posse
1116 1966 1228 2046 creda,
1250 1967 1276 2030 si
1297 1967 1367 2048 quis
1387 1967 1420 2029 in

330 2065 509 2153 universum
531 2065 570 2129 de
592 2065 659 2128 Silii
681 2061 855 2130 elocutione
877 2065 1029 2130 disserere
1050 2067 1135 2148 velit,
1166 2087 1237 2129 cum
1265 2066 1312 2131 de
1327 2088 1365 2130 ea
1385 2088 1439 2130 rc·

331 2165 437 2228 nullae
459 2165 561 2229 adhuc
585 2163 714 2230 ¹exstent
736 2166 943 2256 quaestiones,
971 2166 1025 2230 sed
1052 2187 1153 2251 pauca
1180 2166 1271 2231 modo
1298 2166 1421 2246 iudicia,
1479 2160 1482 2165 ’

331 2265 444 2349 quibus
473 2265 573 2329 obiter
602 2273 656 2328 aut
676 2266 823 2330 laudatur
851 2273 906 2331 aut
933 2267 1130 2352 vituperatur
1141 2264 1172 2345 1).
1213 2266 1275 2330 Per
1297 2267 1420 2351 singula

331 2372 436 2429 autem
451 2386 542 2429 nemo
558 2372 613 2446 est,
636 2367 689 2447 qui
704 2366 772 2429 Silii
791 2367 914 2431 dicendi
928 2388 1028 2450 genus
1045 2368 1281 2453 perlustraverit
1294 2373 1421 2452 praeter

331 2464 525 2547 Oholevium,
554 2466 607 2550 qui
635 2465 674 2529 de
707 2467 853 2550 epithetis
884 2467 1065 2532 ornantibus
1093 2467 1160 2531 Silii
1192 2467 1348 2532 disserens
1379 2488 1419 2531 ex

329 2571 419 2651 parte
441 2566 622 2630 elocutionis
643 2567 795 2630 rationem
817 2568 971 2631 tractavit.
1306 2573 1308 2578 ’

412 2665 532 2746 Silium,
564 2667 643 2730 sicut
672 2666 816 2749 diximus,
845 2668 876 2730 in
904 2669 1095 2752 Vergilianis
1123 2669 1233 2733 studiis
1260 2674 1419 2733 versatum

328 2766 445 2850 ubique
466 2766 598 2846 Vergilii
620 2767 743 2831 dicendi
765 2789 863 2847 genus
885 2791 976 2833 suum
997 2769 1109 2834 fecisse
1129 2771 1199 2834 luce
1228 2771 1342 2834 clarius
1363 2774 1419 2834 est.
1493 2835 1497 2840 ,

225 2939 228 2945 Δ
328 2866 440 2950 Itaque
472 2889 594 2930 summa
626 2889 742 2950 eorum,
774 2891 855 2954 quae
882 2871 941 2934 riri
970 2870 1141 2934 doctissimi
1168 2869 1207 2934 dc
1231 2870 1419 2954 ‘Vergiliana

329 2967 502 3031 elocutione
534 2967 754 3049 disseruerunt,
790 2991 829 3032 ex
861 2976 952 3055 parte
981 2971 1075 3034 etiam
1105 2970 1144 3033 ad
1173 2970 1283 3034 Silium
1308 2969 1419 3035 referri

328 3073 438 3150 potest.
472 3066 555 3130 Nam
578 3068 603 3130 si
624 3075 807 3154 reputamus
829 3069 939 3133 Silium
961 3071 1085 3134 omnino
1106 3071 1214 3134 nativa
1236 3077 1268 3135 et
1283 3071 1418 3151 genuina

328 3165 480 3230 facultate
502 3167 625 3231 dicendi
646 3169 793 3249 caruisse,
822 3177 953 3256 apparet
980 3192 1052 3234 eum
1080 3171 1112 3234 in
1134 3171 1272 3235 oratione
1294 3191 1418 3255 quoque

263 3299 265 3306 v
329 3266 450 3351 p'cetica
465 3267 505 3331 ad
520 3267 654 3351 Vergilii
672 3270 861 3356 exemplum,
877 3292 970 3355 quem
985 3271 1122 3335 omnium
1136 3270 1273 3336 maxime
1288 3271 1418 3351 colebat,

328 3388 362 3430 se
383 3366 544 3431 direxisse.
586 3368 747 3452 Vergilius
769 3377 885 3452 autem,
914 3372 993 3436 sicut
1019 3372 1060 3435 ab
1087 3372 1156 3434 aliis
1184 3393 1279 3456 saepe
1301 3371 1418 3435 dictum

328 3474 375 3531 est
386 3466 419 3550 2),
448 3474 484 3532 ut
511 3469 670 3551 ingenium
699 3471 766 3534 eius
796 3471 829 3535 in
849 3473 1000 3537 novandis
1021 3472 1181 3536 vocabulis
1202 3493 1264 3536 non
1285 3474 1417 3548 multum
1463 3477 1465 3483 '

411 3708 430 3772 ¹)
448 3708 572 3762 Laudant
588 3711 630 3762 hi:

409 3792 527 3857 Vossius,
544 3792 584 3844 Dc
601 3793 733 3845 historicis
749 3794 839 3847 latinis
856 3795 869 3846 I
886 3792 918 3846 31

409 3874 524 3940 Cincius,
541 3875 582 3927 De
599 3877 683 3943 postis
700 3877 826 3930 Romanis
843 3877 857 3929 Ι
874 3896 900 3946 p.
916 3874 957 3930 29.

409 3958 582 4022 Gortucmius
601 3959 774 4019 Quaestioncs
791 3961 931 4014 historicae
949 3979 974 4029 p.
992 3959 1041 4014 241

408 4040 544 4093 Emsstius
561 4045 588 4094 et
604 4043 755 4110 Rupertius.

407 4127 676 4198 ²)Braumuclle1us,
715 4135 755 4187 De
783 4137 866 4203 tropis
900 4141 926 4189 et
959 4136 1050 4205 figuris
1084 4137 1111 4188 in
1145 4137 1257 4206 Vergilii
1290 4138 1416 4191 Aeneide.

279 4242 288 4288 '.
325 4210 533 4268 Berolini1877.
1076 4235 1079 4242 ·
1381 4239 1384 4244 ·

407 4296 583 4366 Ladewigius‚
600 4299 640 4352 De
657 4300 776 4369 Vergilio
794 4302 933 4354 verborum
951 4307 1084 4363 novatore.
1118 4303 1276 4366 ‚Naustrelitz
1294 4300 1366 4357 1869.
