3244 4996
757 329 965 438 -247-

314 534 365 596 hic
387 523 592 596 Drances'ibi
613 532 739 612 Hanno,
762 531 868 595 affert:
898 530 1058 594 dissuadet
1083 531 1210 610 bellum,
1239 529 1320 613 quod
1342 529 1406 592 dux

315 634 398 696 solus
421 633 460 696 sit
481 633 556 696 belli
578 653 681 695 causa.
724 632 795 714 Qua
823 631 853 695 in
876 653 910 694 re
932 631 1025 693 Silius
1052 631 1185 693 formam
1205 629 1407 709 Vergilianas

315 734 463 797 orationis
485 733 622 796 exhibet.
644 731 729 795 Dicit
752 733 835 795 enim
851 731 1000 810 Drances,
1022 752 1128 794 omnes
1150 730 1235 794 haud
1256 731 1409 814 ignorare,

316 855 348 895 se
370 854 429 896 non
454 832 521 913 sibi,
550 831 605 894 sed
626 831 697 894 duci
725 832 841 894 bellum
865 852 991 914 gerere3
1020 831 1074 894 sed
1102 831 1212 894 timore
1239 829 1407 893 adductum

315 933 443 1010 nullum,
466 932 540 1017 quid
563 932 686 1012 sentiat,
704 931 801 996 libere
823 932 962 1017 profiteri
984 931 1115 995 audere:

365 1083 432 1138 Aen.
451 1082 491 1132 XI
509 1079 571 1134 344:
595 1120 600 1132 .
621 1121 626 1131 .
694 1122 699 1134 .
718 1121 723 1132 .
744 1119 749 1130 .
768 1120 774 1136 .
793 1122 799 1133 .
818 1081 905 1132 cuncti
923 1097 950 1132 se
967 1081 1034 1132 seire
1052 1076 1176 1144 fatentur,

587 1161 665 1223 'Quid
684 1165 789 1215 fortuna
807 1163 875 1224 ferat
892 1164 992 1230 populi,
1010 1163 1055 1215 sed
1073 1163 1159 1216 dicere
1176 1167 1302 1216 mussant.

365 1298 411 1350 Sil.
434 1298 461 1347 Il
484 1293 545 1348 279:
595 1295 696 1347 Cuncta
709 1295 823 1362 quidem,
837 1299 933 1362 patres,
947 1311 1032 1360 neque
1047 1296 1116 1346 enim
1129 1296 1251 1348 cohibere
1263 1298 1410 1348 minantum

596 1380 655 1432 Irae
673 1395 700 1430 se
717 1379 834 1440 valuere
850 1382 973 1445 premunt
990 1378 1130 1430 formidine
1148 1395 1247 1432 vocem.
1416 1375 1418 1380 ’

296 1548 300 1557 -
398 1513 438 1577 Se
464 1519 579 1592 autem,
607 1512 658 1575 vel
687 1532 742 1574 suo
771 1531 842 1574 eum
870 1511 1017 1595 periculo,
1046 1510 1121 1592 quid
1151 1519 1259 1596 poscat
1288 1512 1409 1596 patriae

316 1615 409 1691 salus,
432 1613 536 1675 verbis
558 1612 734 1697 exprimere
756 1609 971 1674 dubitaturum
992 1633 1055 1675 non
1076 1632 1157 1675 esse:

249 1817 251 1822 ,
365 1757 774 1828 nen.348:1)ieame'quidem,
806 1762 909 1813 lieet
935 1778 1038 1813 arma
1064 1762 1129 1812 milri
1162 1766 1411 1829 mortemque

347 1841 349 1849 '
1071 1844 1192 1896 minetur.
1211 1840 1345 1904 (Tamus).

366 1929 412 1982 Sil.
424 1926 471 1980 281
483 1945 488 1978 :
524 1928 604 1980 Haud
616 1932 705 1980 tamen
717 1927 872 1991 obstiterim,
885 1931 1026 1979 mortem
1039 1927 1116 1978 licet
1127 1943 1213 1978 arma
1226 1927 1411 1993 propinquent.

400 2062 560 2125 Summam
589 2060 739 2124 orationis
763 2060 861 2145 ipsius
877 2059 972 2148 'apud
993 2066 1160 2143 utrumque
1183 2059 1315 2123 eandem
1344 2080 1411 2122 esse
1461 2104 1464 2109 -

317 2169 562 2225 consentaneum
585 2167 645 2224 est:
664 2159 795 2224 ‘Desine
823 2159 941 2222 bellum
969 2179 1079 2242 gerere
1101 2179 1179 2223 neve
1202 2159 1334 2244 proicias
1356 2182 1411 2222 nos

317 2263 348 2324 iu
371 2261 554 2348 perniciem:
586 2311 589 2316 Α

368 2413 435 2464 Aen.
452 2411 515 2464 365:
538 2451 549 2473 .,
564 2449 765 2464 .........
784 2411 907 2462 miserere
926 2415 1031 2461 tuorum

533 2496 605 2546 Pone
623 2493 725 2545 animos
743 2496 769 2544 et
781 2493 878 2559 pulsus
896 2493 947 2544 abi.
982 2492 1028 2543 Sat
1045 2492 1139 2544 funera
1157 2493 1209 2543 lusi

533 2578 656 2628 Vidimus
674 2578 794 2644 ingentes
812 2579 838 2628 et
855 2575 1032 2627 desolavimus
1049 2591 1135 2642 agros.
1153 2622 1156 2628 .

368 2661 413 2712 Sil.
436 2657 498 2712 325:
535 2661 561 2712 Si
579 2661 654 2712 bello>
669 2659 781 2719 absistis,
799 2663 891 2710 necte
909 2658 1052 2710 victoribus
1070 2656 1157 2721 offers,
1237 2671 1240 2679 ‘

533 2744 676 2807 Quantum,
694 2745 755 2806 heu,
773 2742 918 2810 Carthago,
936 2741 1018 2793 donat
1035 2741 1083 2792 tibi
1101 2742 1236 2808 sanguinis
1254 2742 1383 2794 Hannon!

400 2876 452 2939 Ira
483 2876 636 2960 impulsus
672 2875 756 2960 apud
787 2874 882 2954 Verg.
915 2875 1040 2937 Turnus
1073 2874 1244 2937 orationem
1277 2873 1410 2938 Drancis

317 2976 528 3061 interrumpit:

367 3126 434 3178 Aen.
453 3123 515 3177 377:
533 3126 586 3178 Dat
603 3126 731 3193 gemitum
749 3124 900 3192 rumpitque
917 3126 967 3176 has
984 3125 1037 3174 imo
1055 3127 1161 3190 pectore
1179 3141 1263 3178 voces.

399 3257 492 3321 Hanc
506 3257 640 3340 Vergilii
661 3256 846 3320 sententiam
861 3255 956 3319 Silius
973 3258 1018 3320 ita
1034 3263 1145 3338 mutat,
1166 3265 1201 3320 ut
1223 3257 1262 3322 de
1277 3257 1410 3323 Gestare

318 3359 349 3419 in
370 3359 438 3422 loco
459 3357 647 3421 Hannibalis
669 3355 808 3420 absentis
830 3356 977 3440 loquente
998 3356 1096 3421 dicat:

368 3509 413 3559 Sil.
431 3506 494 3560 3‘28:
794 3507 962 3573 mediamque
980 3508 1112 3572 loquentis

517 3591 562 3641 Bis
578 3594 688 3642 conatus
705 3594 762 3642 erat
780 3590 911 3642 turbando
929 3606 1051 3656 rumpere
1068 3607 1167 3643 vocem.

399 3840 471 3905 Jam
487 3862 547 3904 non
562 3839 664 3903 nullos
678 3841 865 3903 Punicorum
881 3839 964 3903 locos
980 3840 1185 3926 enumeraba
1197 3842 1250 3924 qui
1268 3843 1411 3926 quamvis

318 3941 426 4005 aSilio
449 3942 489 4004 ad
511 3941 691 4025 exemplum
709 3939 859 4004 Aeneidis
881 3940 1042 4024 compositi
1062 3939 1124 4003 sint
1142 3946 1248 4003 tamen
1267 3943 1351 4005 omni
1370 3964 1411 4006 ex

317 4048 407 4124 parte
429 4063 498 4104 oum
521 4041 704 4124 Vergiliano
733 4040 869 4104 carmine
892 4040 1067 4126 comparari
1095 4061 1156 4103 nou
1178 4048 1316 4125 possunt,
1337 4043 1410 4126 quia

317 4141 429 4204 variati
451 4148 532 4221 sunt,
553 4141 619 4205 sive
640 4141 723 4222 quod
745 4141 839 4205 Silius
861 4148 983 4205 mutare
1005 4141 1103 4205 voluit
1125 4142 1190 4206 sive
1212 4142 1286 4226 quia
1308 4144 1410 4206 resin

317 4241 443 4305 Punicis
464 4240 644 4328 propositae
665 4241 806 4306 diversae
829 4248 909 4306 sunt.
951 4241 1073 4306 Deinde
1095 4262 1197 4324 pauca
1219 4242 1358 4321 afferam,
1379 4245 1411 4307 iu
