3244 4996
670 349 876 410 ...33-

277 527 304 593 1)
322 529 410 599 Georg
428 527 533 582 111462
557 530 628 584 Hinc
652 531 715 594 albi,
739 531 881 596 clitumno,
897 547 992 600 greges
1014 535 1040 584 et
1061 532 1179 584 maxima
1201 535 1323 584 taurus

557 614 681 678 Victima,
705 630 784 681 saepe
807 618 854 666 tuo
884 614 1024 681 perfusi
1048 614 1195 667 flumine
1221 631 1322 667 sacro
1353 631 1357 640 ·

790 695 834 760 (of.
853 697 900 749 Sil.
916 698 956 748 IV
973 695 1041 759 548.)

319 782 365 835 Sil.
382 783 450 834 VIII
473 779 536 834 452:
555 782 589 832 Et
619 783 691 834 lavat
720 782 855 850 Ingentem
887 781 1145 848 perfundens
1173 782 1321 833 flumine

1123 881 1224 917 sacro

557 932 706 984 Clitumnus
730 936 867 983 taurum

273 1009 300 1076 2)
318 1014 385 1067 Aen.
408 1012 582 1070 111700:et
606 1015 693 1066 latis
717 1030 899 1080 numquam
923 1030 1090 1066 concessa
1114 1016 1243 1066 moveri

556 1097 676 1165 Apparet
699 1097 885 1152 Camarina

317 1179 363 1232 Sil.
385 1180 452 1231 XIV
474 1177 536 1233 198:
554 1180 640 1233 Etcui
657 1198 724 1233 non
742 1179 1171 1244 licitumfatisOamarina,
1189 1181 1322 1232 moveri

272 1260 298 1324 3)
317 1263 385 1316 Aen.
402 1264 456 1314 VII
473 1262 535 1316 801:
554 1265 626 1325 Qua
644 1264 792 1316 Saturae
813 1264 882 1316 iacet
904 1267 962 1315 atra
980 1265 1081 1330 palus
1098 1263 1255 1331 gelidusque
1273 1280 1321 1330 per

1120 1363 1187 1398 nnas

555 1430 665 1498 Quaerit
688 1431 738 1482 iter·
761 1431 845 1482 valles
863 1435 944 1496 atque
961 1429 989 1480 in
1006 1446 1079 1481 mare
1097 1429 1220 1481 conditur
1237 1430 1320 1482 Ufens

317 1511 362 1564 Sil.
381 1511 449 1562 VIII
471 1509 535 1563 382:
554 1512 625 1572 Qua
644 1513 793 1564 Saturae
811 1513 938 1565 nebolusa
956 1514 1057 1580 palus
1076 1517 1211 1580 restagnat
1224 1517 1250 1566 at
1262 1518 1320 1565 atro
1374 1529 1376 1534 ’

555 1596 679 1648 Liventes
697 1611 778 1648 coeno
796 1613 844 1663 per
861 1597 983 1663 squalida
1001 1597 1121 1648 turbidus
1139 1614 1203 1648 arra

555 1678 632 1746 Cogit
649 1695 734 1745 aquas
751 1679 842 1732 Ufens.

225 1813 357 1878 fortasse
379 1813 440 1876 huc
462 1813 597 1898 pertinet
619 1819 665 1876 et:

270 1961 297 2027 4)
315 1964 381 2016 Aen.
406 1963 433 2013 X
455 1960 503 2014 28:
554 1962 643 2029 Atque
667 1962 763 2014 iterum
787 1962 814 2012 in
832 1961 947 2012 Teucros
965 1960 1068 2012 Aetolis
1085 1961 1169 2029 surgit
1186 1961 1220 2013 ab
1238 1962 1319 2029 Arpis

316 2131 362 2183 sil.
380 2130 434 2181 VII
455 2127 520 2181 483:
551 2045 754 2195 (Tllyrilrlrilnegtoque
767 2129 845 2179 deum
858 2128 993 2194 quondam
1010 2144 1058 2206 par
1076 2128 1194 2179 carmina
1212 2126 1318 2195 campo)

552 2212 665 2265 Aetolae
683 2227 773 2278 rursus
791 2212 899 2263 Teucris
916 2211 1069 2280 pugnabitis
1086 2211 1204 2263 umbrae.

443 2362 574 2426 Praeter
596 2382 634 2425 ea
656 2382 718 2424 non
741 2361 856 2424 frustra
879 2361 1092 2425 conferantur:
1125 2367 1127 2370 '

315 2498 381 2550 Aen.
392 2497 431 2547 IV
439 2493 489 2547 414
499 2495 526 2550 ff.
537 2496 569 2548 de
580 2495 670 2548 sicilia
680 2496 743 2546 olim
753 2511 814 2546 cum
823 2495 902 2546 Italia
912 2496 1069 2547 cohaerente
1077 2521 1109 2528 -
1117 2494 1162 2545 Sil.
1173 2493 1239 2545 XIV
1248 2490 1279 2544 11
1290 2493 1317 2544 ff.

315 2581 382 2632 Aen.
400 2576 507 2630 111571
527 2578 553 2630 ff.
572 2579 605 2630 de
622 2579 711 2631 Aetna
729 2605 760 2612 —
779 2578 824 2630 sil.
842 2578 909 2628 XIV
927 2576 960 2629 56
978 2578 1006 2628 ff.

301 2729 342 2792 II.
364 2729 396 2791 in
418 2727 676 2813 descriptionibus

576 2885 579 2910 l
651 2875 682 2955 a)
709 2897 879 2940 armorum:

272 3007 297 3073 1)
315 3012 379 3065 hen.
398 3009 520 3064 111467:
553 3012 711 3064 Loricam
725 3015 873 3063 consertam
885 3010 971 3062 hamis
989 3026 1144 3076 auroque
1162 3011 1316 3062 trilicem

314 3095 358 3147 sil
376 3092 483 3147 114012
550 3096 691 3146 Praeterea
725 3098 827 3146 textam
861 3093 937 3145 nodis
971 3109 1127 3159 auroque
1162 3093 1316 3145 trilicem

950 3177 1110 3227 Loricam
1184 3191 1187 3200 ’
1227 3169 1229 3175 ⁴

174 3289 178 3299 ·
268 3259 295 3323 2)
312 3262 379 3313 Aen.
398 3261 452 3322 VII
468 3257 532 3312 657:
550 3261 665 3312 Pulcher
682 3261 830 3312 Aventinus
853 3261 1036 3326 clipeoque
1054 3259 1157 3326 insigne
1175 3262 1317 3325 paternum

359 3327 369 3354 ⁸
553 3342 714 3395 Centum
741 3359 887 3411 angues
914 3343 1080 3408 cinctamque
1106 3343 1211 3411 gerit
1236 3359 1316 3394 ser·

950 3426 1113 3493 pentibus
1139 3425 1283 3490 hydram

314 3508 360 3560 Sil.
386 3509 413 3560 II
440 3507 501 3561 158:
554 3509 717 3561 Oentum
745 3526 875 3577 angues
903 3509 973 3561 idem
999 3509 1173 3576 Lernaeaque
1198 3511 1316 3567 monstra

949 3592 1096 3661 gerebat

550 3677 589 3728 In
615 3677 746 3743 clipeo,
777 3679 803 3728 et
827 3676 905 3728 sectis
928 3677 1062 3744 geminam
1088 3674 1316 3742 serpentibus

948 3760 1098 3824 hydram

665 3859 699 3940 b)
720 3858 867 3923 vestitus:

270 3987 296 4053 1)
315 3992 381 4044 Aen.
407 3992 431 4042 V
457 3988 521 4042 556:
551 3981 680 4043 Omnibus
697 3992 725 4042 in
741 4007 842 4042 morem
860 3994 957 4043 tonsa
980 4007 1071 4043 coma
1088 4006 1179 4058 pressa
1197 4006 1316 4042 corona

553 4074 655 4126 Cornea
673 4074 754 4126 bina
780 4074 899 4125 ferunt
916 4075 1035 4141 praefixa
1053 4074 1201 4126 hastilia
1223 4074 1315 4124 ferro

315 4157 360 4209 sil.
384 4157 450 4209 XVI
471 4155 534 4210 526:
553 4157 786 4223 Intonsasqne
811 4173 924 4209 comas
946 4158 1025 4209 viridi
1048 4158 1170 4209 redimIta
1195 4172 1316 4207 corona

553 4240 639 4292 Bina
668 4240 751 4291 tulit
775 4241 861 4307 patrio
886 4241 1008 4306 quatiens
1035 4240 1184 4290 hastilia
1211 4239 1316 4290 ferro.

1117 4335 1134 4388 3
