3244 4996
765 402 1006 476 -18-,

323 582 435 664 quibus
462 603 545 645 nunc
573 583 686 665 agitur,
715 603 755 646 ex
783 581 924 648 Aeneide
952 584 1088 668 repetita
1115 603 1177 646 non
1206 584 1271 647 sine
1302 582 1413 649 idoneo

322 681 436 745 iudicio
457 683 526 767 pari
551 683 582 745 in
611 682 772 746 occasione
801 705 820 746 a
848 683 923 748 Silio
951 684 1158 770 proferuntur.
1199 683 1280 747 Rern
1307 684 1351 746 ita
1379 705 1413 748 se

322 782 450 863 habere,
472 803 513 845 ex
534 782 618 862 locis,
639 801 716 864 quos
738 783 800 845 iam
822 783 919 847 oculis
941 783 1100 864 subiciam,
1121 784 1328 863 intellegetur.

404 881 428 946 I.
449 883 573 946 Primus
594 882 689 963 locus,
717 901 778 964 quo
806 885 967 968 exemplar
988 884 1206 967 Vergilianum
1228 904 1422 969 expressum,

323 990 378 1063 est,
400 975 556 1046 inuenitu'r
577 983 609 1046 in
631 982 836 1065 descriptione
858 1005 984 1067 pugnae
1004 984 1045 1047 ad
1063 983 1207 1047 Ticinum
1221 984 1412 1062 commissae,

322 1082 376 1145 ubi
398 1082 501 1166 Scipio
521 1083 704 1147 vulneratus
727 1105 746 1147 a
767 1083 831 1147 filio
854 1091 1007 1166 servatur,
1028 1092 1064 1148 ut
1085 1085 1153 1148 Liv.
1176 1085 1226 1165 21,
1249 1087 1289 1147 46
1310 1081 1413 1146 tradit.

231 1231 233 1238 .
321 1181 431 1246 Portat
468 1183 550 1246 enim
586 1190 708 1269 patrem
738 1204 779 1247 ex
807 1205 914 1269 pugna
939 1184 1048 1249 eodem
1073 1180 1175 1266 mode,
1204 1205 1265 1269 quo
1287 1182 1412 1246 Aeneas

321 1281 412 1362 (Aen.
435 1281 469 1344 II
492 1281 573 1365 707),
595 1284 711 1347 umeris
733 1284 894 1348 subiectis:

371 1417 416 1468 Sil.
435 1418 474 1469 IV
490 1415 554 1469 469:
573 1418 698 1470 Innixum
716 1419 817 1470 cervice
834 1421 922 1472 ferens
939 1433 1082 1486 umeroque
1099 1421 1236 1485 parentem

570 1502 681 1554 Emicat.

404 1617 444 1680 H.
465 1619 541 1682 Post
562 1640 700 1704 pugnam
723 1619 807 1704 apud
828 1619 1000 1683 Baeculam
1027 1618 1232 1696 commissam,
1258 1636 1320 1699 qua
1342 1638 1412 1680 cum
1450 1651 1452 1654 ·

320 1716 471 1781 Romanis
509 1717 701 1799 Massinissa,
741 1718 950 1782 Numidarum
989 1740 1056 1798 rex,
1100 1716 1302 1783 contenderat
1340 1716 1412 1779 huic

296 1838 300 1846 ·
320 1813 458 1880 fa'ustum
481 1839 572 1881 omen
590 1817 727 1899 offertur,
750 1840 812 1904 quo
828 1840 847 1881 a
862 1825 962 1882 matre
977 1819 1133 1904 explicato
1148 1824 1356 1904 permovetur,
1378 1822 1412 1880 ut

320 1917 352 1978 in
372 1916 586 1981 Romanorum
609 1919 778 1982 amicitiam
802 1941 835 1983 se
858 1920 1005 1984 conferat.
1037 1918 1104 1999 (Sil.
1120 1917 1200 1982 XVI
1223 1916 1412 1997 rra-133).

320 2015 390 2080 Hoc
423 2016 598 2101 prodigium
632 2018 742 2082 Silium
774 2040 813 2082 ex
845 2018 987 2083 Aeneide
1023 2017 1056 2081 II
1086 2021 1143 2082 681
1186 2017 1219 2080 ff.
1254 2017 1286 2080 in
1321 2037 1411 2080 suurn

273 2175 276 2184 l
320 2137 445 2180 carmen
466 2119 663 2182 transtulisse
684 2125 714 2182 et
729 2119 872 2202 Vergilio
887 2125 1014 2182 auctore
1037 2118 1246 2203 composuisse
1268 2121 1410 2202 apertum

321 2222 376 2279 est.
418 2216 496 2280 Dico
525 2219 694 2299 flammam,
716 2240 798 2303 quae
826 2220 859 2282 in
885 2219 954 2298 Juli
980 2218 1092 2302 capite,
1120 2239 1191 2281 curn
1218 2218 1344 2281 Aeneas
1372 2215 1410 2279 ad

319 2322 477 2380 certamen
493 2338 675 2400 egressurus
698 2325 755 2399 est,
778 2325 919 2404 apparet,
942 2320 990 2384 cui
1014 2318 1112 2404 apicis
1133 2318 1233 2381 forma
1255 2323 1310 2380 est.
1342 2318 1410 2390 Quo

319 2414 478 2501 adspectu,
499 2418 552 2501 qui
575 2417 752 2498 adstabant,
781 2419 938 2503 perterriti
960 2417 1136 2482 incendium
1165 2424 1257 2481 vento
1286 2422 1410 2480 auctum

319 2517 503 2600 extinguere
526 2525 685 2598 conantur,
707 2518 804 2583 donec
825 2520 857 2582 in
879 2518 1020 2583 Aeneide
1042 2518 1204 2599 Anchises,
1233 2518 1265 2580 in
1285 2516 1411 2580 Punicis

318 2623 419 2680 mater
441 2617 643 2682 Massinissae
664 2619 827 2701 intellegit,
849 2624 1029 2702 portentum
1056 2639 1123 2682 esse
1145 2639 1165 2680 a
1186 2617 1244 2680 diis
1266 2617 1408 2679 missum:

352 2757 418 2809 Aen.
435 2757 462 2808 ll
477 2756 527 2809 683
542 2757 583 2810 ffi:
619 2759 687 2810 Ecce
704 2759 770 2810 levis
788 2775 890 2810 summo
907 2759 939 2810 de
958 2759 1093 2810 vertice
1111 2759 1206 2810 visus
1223 2758 1279 2809 Juli

618 2842 739 2894 Fundere
758 2843 847 2894 lumen
865 2860 934 2910 apex
952 2846 1078 2908 tactuque
1097 2842 1207 2893 innoxia
1224 2843 1311 2893 mollis

618 2925 747 2978 Lambere
765 2926 908 2977 flamma
925 2939 1039 2976 comas
1061 2928 1087 2975 et
1107 2925 1238 2975 circum
1255 2929 1410 2990 tempora

1163 3008 1242 3074 pasci.

618 3092 672 3143 Nos
689 3092 780 3159 pavidi
797 3092 928 3158 trepidare
946 3096 1019 3143 metu
1037 3092 1188 3157 crinemque
1205 3091 1362 3159 flagrantem

591 3166 750 3227 'Excutere
786 3179 811 3226 et
847 3179 951 3227 sanctos
989 3175 1211 3242 restinguere
1252 3174 1411 3225 lontibus

1162 3259 1267 3326 ignee.

352 3340 398 3391 Sil.
410 3340 475 3391 XVI
489 3337 538 3392 120
550 3339 591 3391 ff.:
615 3341 785 3392 Ver-tice
828 3341 901 3392 fulsit
936 3357 1035 3408 apex
1075 3341 1240 3407 crispamque
1277 3340 1411 3392 involvere

1164 3423 1237 3474 visa
1261 3426 1312 3473 est

615 3507 687 3558 Mitis
712 3507 725 3557 f
731 3508 854 3558 lamma
887 3523 1012 3558 comam
1037 3510 1117 3572 atque
1138 3506 1208 3558 hirta
1234 3521 1261 3557 se
1286 3522 1411 3574 spargere

1162 3589 1257 3642 fronte.

616 3672 782 3724 Concurrunt
800 3673 894 3724 famuli
911 3677 937 3725 et
963 3676 1097 3740 serpentes
1121 3676 1266 3739 tempora
1291 3674 1410 3724 circum

615 3755 753 3808 Festinant
770 3756 865 3823 gelidis
883 3756 1087 3822 restinguere
1110 3755 1257 3807 fontibus
1278 3756 1376 3823 ignes.

398 3878 455 3941 Ill.
481 3878 737 3944 Manifestissima
758 3878 890 3942 imitatio
911 3878 1097 3961 Vergiliana
1119 3900 1155 3942 eo
1177 3879 1321 3942 carminis
1342 3879 1409 3942 loco
1441 3889 1450 3902 “

316 3978 481 4058 invenitur,
500 3999 561 4062 quo
577 3977 752 4061 Scipionem
775 3978 815 4041 ad
830 3978 1007 4062 Syphacem
1029 3999 1136 4061 regem
1152 3978 1261 4041 auxilii
1282 3977 1410 4062 petendi

317 4098 411 4140 causa
423 4079 544 4142 venisse
555 4085 670 4142 narrat.
695 4077 821 4142 Etenim
836 4099 902 4142 rem
916 4078 1018 4162 ipsam
1030 4100 1070 4142 ex
1081 4099 1183 4142 rerum
1196 4078 1409 4142 Romanarum

315 4177 445 4240 historia
478 4178 609 4262 petitam
641 4177 721 4258 (Liv.
753 4180 803 4255 28,
838 4180 888 4252 17)
919 4177 963 4240 ita
996 4177 1036 4240 ad
1069 4179 1249 4262 exemplum
1277 4177 1409 4258 Vergilii

315 4277 498 4361 composuit,
527 4285 561 4340 ut
590 4299 689 4340 nexus
718 4277 943 4341 sententiarum
971 4284 1002 4340 et
1030 4277 1104 4341 ordo
1132 4278 1297 4341 verborum
1325 4277 1409 4361 apud
