3244 4996
680 361 887 422 ..39-

321 540 352 622 2)
373 540 457 606 Ante
478 548 609 606 mortem
630 541 712 606 Dido
733 543 791 606 has
812 541 945 608 effundit
965 564 1073 607 voces:

287 689 355 744 Aen.
372 691 411 742 IV
428 688 491 744 651:
520 691 619 744 Dulces
636 692 756 756 exuviae,
774 692 838 743 dum
855 691 912 745 fata
929 693 1047 760 deusque
1065 694 1196 757 sinebant,

518 774 639 841 Accipite
656 775 725 826 hanc
742 776 860 827 animam
878 794 973 845 meque
991 777 1033 828 his
1050 777 1178 829 exsolvite
1196 779 1274 832 curis.

519 857 583 908 Vixi
600 861 626 910 et
644 873 723 924 quem
740 859 849 912 dederat
867 876 973 912 cursum
990 861 1109 913 Fortuna
1126 862 1227 929 peregi,

519 941 552 992 Et
570 957 640 993 nunc
657 958 756 1010 magna
773 943 826 994 mei
843 944 891 994 sub
910 948 993 995 terras
1010 944 1059 995 ibit
1076 944 1173 1012 imago.

289 1024 334 1076 sil.
352 1024 421 1076 VIII
439 1022 501 1076 141:
520 1025 554 1076 Di
571 1026 667 1092 longae
685 1025 776 1089 noctis,
795 1042 907 1093 quorum
925 1026 978 1078 iam
996 1027 1106 1078 numina
1123 1027 1200 1078 nobis

519 1107 590 1160 Mors
607 1109 708 1160 instans
725 1109 827 1161 maiora
844 1109 916 1173 facit,
935 1126 1036 1176 precor,
1054 1110 1148 1176 inquit,
1165 1110 1264 1175 adeste,

435 1215 438 1224 ν
518 1191 552 1243 Et
569 1191 668 1259 placidi
685 1192 768 1243 victos
785 1193 879 1245 ardore
897 1193 1028 1245 admittite
1045 1210 1145 1247 manes.

520 1274 627 1326 Aeneae
644 1275 768 1339 coniunx,
785 1276 898 1328 Veneris
914 1292 1005 1340 nurus,
1022 1278 1080 1329 ulta
1097 1277 1230 1341 maritum,

519 1358 584 1409 Vidi
600 1361 764 1410 constructas
781 1363 887 1411 nostrae
906 1358 1073 1427 Carthaginis
1092 1376 1165 1412 arces

519 1441 596 1494 Nunc
614 1441 648 1494 ad
666 1457 713 1492 vos
730 1441 821 1508 magni
838 1441 978 1495 descendet
996 1443 1113 1510 corporis
1130 1443 1234 1496 umbra.

320 1582 352 1662 3)
373 1582 455 1646 Dido
477 1589 600 1647 mortua
621 1583 789 1665 reperitur:
880 1625 883 1630 ·

286 1724 353 1778 Aen.
370 1724 410 1776 IV
427 1721 490 1777 664:
519 1724 680 1792 Conlapsam
697 1725 830 1792 aspiciunt
847 1726 956 1779 comites
973 1766 1102 1779 ......

520 1847 699 1864 ........
718 1810 739 1860 it
757 1809 909 1861 clamored
927 1809 983 1862 alta

440 1921 444 1928 ·
517 1891 619 1944 Atria.
638 1931 644 1943 .
663 1931 669 1943 .
688 1907 699 1943 .’
713 1930 819 1945 .....

517 1977 653 2029 LamentIs
670 1977 823 2045 gemituque
842 1979 867 2026 et
884 1975 999 2027 femineo
1017 1977 1122 2028 ululatu

518 2059 600 2112 Tecta
617 2059 740 2125 fremunt,
757 2063 864 2112 resonat
881 2059 984 2127 magnis
1002 2059 1175 2128 plangoribus
1192 2061 1292 2114 aether.

236 2135 240 2142 ’
286 2141 331 2194 Sil.
349 2142 417 2194 VIII
435 2139 496 2195 151:
517 2142 649 2196 Viderunt
667 2144 783 2206 comites,
800 2143 921 2209 tristique
939 2159 987 2209 per
1004 2143 1072 2194 atria
1090 2143 1200 2210 planctu

206 2231 209 2236 '
517 2226 693 2292 Concurrunt,
710 2225 814 2294 magnis
831 2229 955 2278 resonant
972 2225 1118 2279 ululatibus
1135 2225 1215 2280 aedes

318 2374 350 2453 4)
373 2360 499 2449 Quare
521 2374 665 2439 nuntiata
686 2373 780 2440 Anna
803 2374 969 2439 accelerat:

285 2533 352 2586 Aen,
369 2534 408 2584 IV
425 2530 489 2585 672:
518 2532 611 2584 Audiit
628 2533 758 2584 exanimis
775 2532 932 2600 trepidoque
950 2533 1077 2584 exterrita
1094 2548 1172 2584 cursu

517 2616 657 2684 Unguibus
675 2633 722 2668 ora
739 2632 813 2668 soror
830 2615 940 2668 foedans
957 2619 984 2667 et
1001 2619 1108 2682 pectora
1127 2616 1223 2683 pugnis

517 2699 568 2751 Per
585 2699 684 2752 medios
702 2701 755 2751 ruit
771 2717 804 2752 ac
820 2701 976 2752 morientem
993 2700 1104 2752 nomine*
1118 2701 1223 2753 clamat.

285 2783 331 2836 Sil.
348 2783 417 2833 VIII
434 2779 496 2834 153:
518 2782 618 2849 Accepi
634 2782 737 2847 infelix,
754 2782 871 2851 dirisque
890 2784 1015 2836 exterrita
1033 2783 1095 2835 fatis

517 2865 572 2918 Ora
589 2883 671 2918 manu
687 2867 816 2930 lacerans,
834 2868 972 2934 lymphato
989 2867 1063 2934 regia
1081 2882 1159 2920 cursu

516 2950 598 3003 Tecta
615 2953 685 3019 peto,
703 2951 839 3016 celsosque
856 2949 955 3018 gradus
965 2949 1084 3026 sevadere
1101 2949 1178 3002 nitor.

317 3099 349 3179 5)
371 3100 460 3174 Quae
482 3100 641 3180 Vergilius
663 3099 737 3163 dicit
757 3099 797 3164 de
818 3098 943 3164 Didone
965 3098 1159 3178 moribunda,
1181 3098 1275 3163 Silius
1295 3101 1327 3163 in

233 3198 359 3264 Annam
380 3200 530 3265 transfert
551 3207 673 3264 mutata
695 3200 829 3284 quidem,
851 3200 906 3264 sed
928 3200 982 3281 ita,
1003 3206 1039 3262 ut
1060 3200 1194 3264 colorem
1214 3200 1327 3284 Vergi-

233 3302 352 3366 lianum
372 3301 500 3366 difficile
521 3323 582 3366 non
605 3301 644 3364 sit
661 3301 862 3384 intellegere:

283 3469 350 3522 Aen.
367 3470 407 3520 IV
424 3467 487 3522 690:
517 3470 569 3522 Ter
585 3485 641 3522 sese
659 3470 773 3520 attolens
790 3469 933 3536 cubitoque
951 3469 1050 3521 adnixa
1069 3469 1167 3522 levavit

478 3554 481 3564 '
515 3554 567 3605 Ter
584 3554 705 3604 revoluta
722 3554 805 3605 torost
822 3589 953 3604 ......

282 3636 327 3690 Sil.
345 3636 413 3687 VIII
431 3633 491 3689 156:
514 3636 565 3689 Ter
582 3636 639 3688 diro
657 3636 761 3688 fueram
777 3638 873 3687 conata
890 3635 1043 3687 incumbere
1060 3635 1131 3686 ferro

514 3718 566 3772 Ter
583 3720 666 3772 cecidi
683 3720 822 3772 exanimae
839 3719 964 3772 membris
981 3720 1102 3771 revoluta
1119 3720 1222 3779 sororis,

314 3869 371 3934 IV.
393 3869 483 3934 Alius
505 3871 630 3953 generis
651 3876 723 3934 sunt
744 3869 824 3935 haec
837 3870 1008 3955 exempla:

248 4019 275 4084 1)
288 4019 499 4076 Aenufflaer:
515 4059 669 4073 .......
688 4024 714 4072 et
732 4024 764 4073 te
783 4036 918 4089 quoque
935 4020 1077 4088 dignum

513 4104 622 4171 Finge
640 4103 689 4155 deo

315 4189 361 4242 Sil.
377 4189 416 4242 VI
433 4186 497 4242 537:
515 4188 561 4239 Tu
579 4195 715 4256 quoque
733 4226 839 4242 .....
857 4187 999 4256 dignum
1017 4190 1049 4242 tc

512 4271 661 4340 Fingere
679 4288 732 4325 uon
750 4287 823 4326 cessa
