3244 4996
639 437 845 502 ..15-

197 616 362 702 gloriosam
384 618 417 681 in
437 617 608 704 pugnando
630 621 754 703 obeant,
775 641 849 701 uon,
873 627 909 686 ut
936 643 1001 704 nos,
1027 622 1227 707 ingloriosam
1255 623 1287 688 in

196 719 297 784 undis.
337 717 459 791 Deinde
480 719 570 783 navis
591 720 737 785 fluctibus
757 727 900 807 correpta
920 722 1063 787 iactatur.

282 817 314 900 6)
333 816 383 884 De
403 819 495 884 rmdis
516 819 678 904 Vergilius
699 820 773 886 dicit
793 843 822 886 v.
846 824 920 886 105:
943 842 1045 905 aquae
1065 845 1154 888 mons

354 944 367 974 2
442 945 455 975 r
515 920 610 985 Silius
726 946 739 976 r
791 923 1072 989 ammanitem
1093 925 1199 990 monti.

280 1017 311 1100 7)
330 1020 408 1086 Mox
435 1042 532 1086 naves
562 1023 690 1086 summis
717 1023 750 1086 in
776 1022 868 1088 undis
895 1024 1074 1108 consistunt,
1100 1046 1174 1090 mox
1195 1024 1287 1090 undis

197 1124 358 1204 teguntur:

242 1262 310 1316 Aen.
328 1259 390 1316 106:
407 1263 444 1314 Hi
461 1280 562 1316 summo
580 1264 607 1316 in
629 1265 745 1319 fluctu
765 1266 917 1335 pendent

243 1346 290 1398 Sil.
313 1343 375 1398 274:
409 1347 443 1398 Et
459 1347 597 1402 fluctus
615 1365 695 1416 supra
713 1389 719 1401 .
737 1389 744 1401 .
762 1390 768 1402 .
787 1391 793 1403 .
810 1349 988 1416 pependit.

276 1461 309 1542 8)
329 1462 431 1527 Notus
452 1464 484 1527 in
506 1487 586 1528 saxa
606 1471 731 1550 torquet
753 1465 836 1550 apud
858 1465 911 1530 Sil.
928 1463 968 1544 (v.
982 1467 1056 1542 275)
1079 1465 1157 1530 duas
1178 1489 1284 1550 naues,

193 1560 277 1644 apud
298 1562 395 1646 Verg.
416 1562 457 1643 (v.
478 1564 549 1645 108)
569 1571 642 1646 tres,
664 1587 728 1650 qua
748 1565 780 1628 in
801 1586 834 1629 re
856 1571 968 1653 poetae
990 1567 1183 1632 exclamant:
1292 1631 1295 1638 ,

240 1704 306 1757 Aen.
325 1701 386 1757 111:
404 1706 554 1760 miserabile
571 1707 642 1760 visul

242 1787 288 1840 Sil.
309 1785 370 1840 276:
404 1790 583 1843 miserandum
602 1795 628 1844 et
646 1791 732 1844 triste!

180 1903 182 1908 ’
204 1895 207 1900 ’
276 1902 308 1983 9)
328 1903 426 1968 Navis
447 1906 607 1989 mergitur,
628 1905 712 1991 quod
733 1927 901 1992 compages
922 1907 1090 1987 frangitur:

242 2037 309 2090 Aen:
325 2035 387 2092 122:
404 2041 473 2091 laxis
491 2041 604 2092 laterum
621 2040 849 2108 compagibus

242 2120 287 2173 Sil.
309 2119 370 2174 278:
405 2125 484 2190 rupta
502 2139 676 2192 compage.
740 2157 744 2164 ·

274 2246 325 2327 10)
350 2246 469 2312 Variae
500 2269 551 2312 res
581 2254 782 2313 recensentur
817 2269 874 2335 per
904 2237 1103 2328 naufragium
1137 2248 1171 2311 in
1201 2247 1280 2311 mari

191 2353 335 2412 natantes
355 2346 448 2428 (Aen.
472 2350 530 2412 118
552 2348 668 2412 -Sil
690 2347 774 2429 279).

272 2448 312 2512 Χ.
333 2449 494 2523 Quantum
515 2447 548 2511 in
567 2448 642 2512 Silio
664 2448 757 2512 fuerit
778 2447 920 2512 imitandi
942 2446 1087 2531 studium,
1109 2447 1195 2512 haud
1216 2448 1279 2513 scio

191 2567 231 2610 an
253 2549 368 2633 optime
389 2569 557 2632 cognoscas
578 2570 596 2612 e
617 2549 696 2613 libro
716 2548 814 2612 XVII
835 2551 906 2630 358,
932 2548 987 2612 ubi
1012 2548 1174 2634 inpugna
1194 2549 1279 2634 apud
1320 2578 1323 2584 ·
1347 2577 1350 2582 ·

188 2647 318 2712 Zamam
346 2648 510 2712 commissa
538 2670 557 2712 a
580 2648 704 2713 lunone
725 2648 888 2713 Hannibal
909 2653 1058 2713 servatur.
1099 2648 1225 2712 Etenim
1247 2654 1291 2713 et⁴

188 2747 271 2832 quod
302 2769 369 2812 rem
395 2748 497 2834 ipsam
529 2749 698 2835 praecedit,
725 2749 912 2834 colloquium
938 2747 1070 2812 lunonis
1098 2769 1169 2812 cum
1197 2747 1278 2813 Jove

190 2852 221 2910 et
241 2847 422 2930 ministeria,
450 2849 571 2933 quibus,
598 2855 633 2913 ut
655 2849 751 2913 olicus
778 2854 930 2929 seruetur,
949 2847 1032 2912 Junc
1060 2848 1165 2930 efficit,
1193 2847 1278 2934 apud
1364 2901 1368 2910 .

188 2944 364 3028 Vergilium
391 2947 502 3014 eadem
529 2948 649 3013 ratione
675 2949 822 3012 instituta
841 2954 872 3012 et
893 2948 1042 3034 disposita
1058 2948 1278 3016 'inveniuntur

188 3043 273 3109 Nam
287 3045 360 3110 dum
381 3057 488 3132 pugna
509 3049 720 3131 committitur,
734 3048 818 3115 luno
832 3049 904 3114 dori
926 3071 965 3114 ea
984 3045 1162 3133 respondet,
1184 3067 1276 3130 quae,

187 3145 214 3208 si
236 3167 389 3210 summam
416 3149 590 3234 sententiae
618 3155 804 3235 spectamur,
832 3147 917 3234 apud
944 3148 1023 3212 duos
1048 3154 1157 3231 poetas
1182 3148 1276 3233 plane

186 3247 391 3312 consentiunt.
432 3249 516 3313 Dicit
538 3249 620 3314 enim
641 3249 724 3314 Juno
746 3247 837 3329 (Aen
851 3247 883 3312 X
896 3250 953 3313 611
971 3285 1013 3294 -
1028 3247 1081 3312 Sil.
1095 3247 1192 3312 XVII
1203 3247 1276 3328 358)
1327 3259 1329 3264 '

187 3365 220 3410 se
242 3352 349 3412 contra
370 3348 481 3431 fatum,
509 3349 657 3433 quoniam
678 3355 768 3413 tanta
788 3349 820 3412 vi
842 3349 966 3430 amoris,
992 3367 1054 3430 qua
1076 3354 1178 3431 antea,
1197 3346 1275 3434 Jup-

187 3445 267 3528 piter
287 3467 348 3511 non
375 3449 438 3512 iam
467 3454 583 3530 utatur,
611 3448 687 3512 nihil
709 3455 817 3534 petere
845 3447 970 3530 audere,
994 3435 1054 3512 ‘sed
1076 3469 1147 3511 cum
1168 3447 1276 3512 amicis

187 3545 250 3609 suis
277 3548 471 3632 pereundum
498 3547 546 3628 sit,
572 3547 604 3610 id
632 3570 730 3613 unum
758 3570 857 3631 orare,
885 3555 920 3612 ut
948 3548 1008 3614 sibi
1034 3549 1136 3630 liceat,
1164 3547 1275 3612 ducem

185 3668 292 3711 eorum
314 3648 489 3713 incolumen
510 3670 652 3714 servare:

217 3780 284 3834 Asu.
296 3780 323 3832 X
341 3778 391 3832 613
407 3781 447 3834 u:
481 3782 509 3835 Si
520 3782 594 3846 mihi,
612 3798 680 3850 quae
696 3781 830 3849 quondam
844 3779 931 3834 fuerat
943 3796 1076 3849 quamque
1092 3797 1148 3834 esse
1163 3780 1273 3834 decebat

481 3865 529 3918 Vis
546 3866 573 3916 in
590 3882 680 3918 amore
697 3866 774 3930 foret,
793 3882 847 3918 non
868 3867 919 3918 hoc
940 3865 1006 3916 mihi
1023 3880 1137 3932 namque
1154 3881 1273 3933 negares,

482 3947 663 4015 Omnipotens,
681 3949 745 4015 quin
762 3952 789 4001 et
806 3965 912 4016 pugnae
929 3947 1074 4001 subducere
1091 3948 1210 4000 Turnum

479 4030 513 4082 nt
530 4031 625 4083 Dauno
642 4046 746 4099 possem
763 4031 922 4084 incolumem
939 4046 1044 4084 semare
1061 4031 1173 4099 parenti

216 4112 352 4182 silxvn
362 4111 463 4167 torm:
481 4114 556 4176 Quae
573 4113 672 4167 donare
689 4117 772 4182 potes,
789 4115 916 4182 quoniam
932 4115 998 4167 mihi
1015 4115 1102 4183 gratia
1119 4114 1228 4182 languet

174 4213 176 4218 ’
367 4246 370 4252 ,
480 4197 513 4248 Et
531 4197 625 4249 cecidit
643 4197 696 4249 iam
713 4198 814 4264 primus
831 4213 914 4262 amor,
931 4197 970 4250 nil
987 4197 1032 4249 fila
1049 4213 1169 4249 sororum

479 4280 614 4332 Adversus
631 4297 719 4348 posco.
754 4281 848 4334 Vertat
865 4283 941 4349 terga
957 4279 1094 4332 Hannibal
1111 4279 1181 4331 hosti

478 4363 514 4413 Ut
530 4364 626 4429 placet,
644 4367 670 4415 et
687 4365 788 4415 cineres
806 4363 901 4416 Troiae
919 4363 1080 4431 Carthagine
1098 4364 1217 4430 regnent.
