3244 4996
830 1136 878 1221 Α.

396 1351 502 1434 Atque
531 1351 666 1438 primum
697 1350 822 1433 quidem
851 1371 1011 1436 quaeram,
1041 1371 1122 1434 quae
1149 1353 1321 1437 qualesque
1343 1354 1403 1416 siut

310 1452 399 1538 apud
429 1452 540 1516 Silium
568 1451 757 1515 imitationes
778 1450 984 1534 Vergilianas
1010 1451 1043 1514 in
1071 1451 1299 1536 compositionis
1327 1458 1403 1516 arte.

314 1552 376 1616 Sed
397 1551 579 1637 priusquam
594 1551 633 1614 de
648 1572 686 1615 ea
699 1572 733 1614 re
748 1551 845 1615 verba
867 1550 981 1615 faciam
1003 1551 1211 1614 definiendum
1234 1557 1289 1631 est,
1310 1554 1403 1635 quale

282 1662 285 1666 ’
315 1653 354 1716 111
376 1652 520 1735 Vergilii,
548 1652 641 1737 quale
670 1651 738 1715 Silii
770 1672 904 1733 carmen,
936 1652 1101 1736 qualisque
1132 1653 1212 1716 ratio
1239 1652 1320 1738 inter
1348 1653 1403 1716 illa

316 1750 498 1816 intercedat.
539 1751 701 1834 Vergilius
727 1773 797 1814 cum
826 1773 881 1815 suo
910 1752 1046 1815 carmine
1073 1773 1123 1816 res
1144 1739 1324 1815 tractandas
1345 1752 1404 1839 sibi

314 1852 537 1937 proposuisset,
567 1843 679 1933 quibus
708 1873 778 1915 cum
801 1873 842 1916 ex
867 1852 1059 1937 temporibus
1080 1851 1231 1915 fabulosis
1251 1853 1404 1938 repetitae

315 1951 376 2014 sint
403 1951 551 2014 historica
580 1950 658 2015 fides
685 1951 780 2015 tribui
808 1973 870 2015 non
898 1958 1010 2036 potest,
1038 1952 1162 2035 ingenio
1189 1951 1351 2032 indulgere
1373 1958 1405 2017 et

315 2071 374 2132 res,
409 2070 603 2134 quocumque
634 2051 726 2120 modo
754 2052 861 2133 voluit,
892 2053 1012 2135 fingere
1045 2057 1099 2116 aut
1131 2051 1170 2115 de
1202 2073 1257 2116 suo
1289 2051 1420 2132 adderev

315 2151 425 2235 potuit.
460 2150 532 2214 Hac
554 2151 708 2215 scribendi
730 2152 876 2216 libertate
898 2151 973 2215 Silio
994 2151 1041 2234 uti
1061 2173 1124 2216 non
1144 2151 1240 2215 licuit.
1278 2151 1404 2217 Etenim

315 2272 385 2314 cum
414 2256 634 2334 argumentum
662 2252 807 2314 carminis
836 2273 876 2316 ex
904 2251 1001 2335 gestis
1027 2252 1241 2316 Romanorum
1262 2257 1405 2334 sumeret,

316 2350 420 2415 facere
434 2372 496 2415 non
510 2353 620 2437 potuit,
635 2352 709 2437 quin
724 2373 774 2416 res
788 2353 1019 2438 ascriptoribus
1033 2351 1165 2416 traditas
1179 2353 1211 2416 in
1225 2353 1403 2417 universum

316 2458 507 2536 sequeretur.
547 2451 589 2515 Et
610 2473 644 2516 re
665 2473 747 2516 vera
762 2458 851 2515 tanta
873 2452 935 2517 fide
955 2452 1173 2517 historicorum
1195 2454 1404 2518 narrationem

315 2538 441 2616 secutus
474 2557 528 2633 est,
562 2557 597 2614 111
629 2550 761 2615 Vossius
772 2550 795 2632 ¹)
829 2573 900 2615 eum
932 2552 1013 2616 inter
1047 2552 1208 2618 historicos
1240 2574 1404 2618 numerare

315 2673 377 2715 non
410 2651 582 2734 dubitaret3
621 2652 759 2716 maxime
797 2659 903 2717 autem
942 2674 982 2717 ex
1017 2652 1253 2739 Heynacheri2)
1288 2653 1404 2735 libello,

190 2745 211 2816 s
316 2751 374 2815 etsi
405 2751 568 2837 permultis
599 2751 631 2815 in
662 2753 738 2816 locis
768 2753 814 2816 illi
842 2754 986 2817 assentiri
1012 2776 1075 2818 non
1102 2775 1238 2840 possum,
1265 2760 1405 2839 apparet,

317 2873 412 2936 quarn
440 2852 534 2916 Silius
556 2874 575 2916 a
596 2874 701 2917 rerum
729 2860 889 2936 gestarum
910 2854 1061 2918 memoria
1082 2853 1241 2917 discedere
1263 2854 1405 2918 noluerit.

315 2953 398 3016 Nam
425 2974 497 3016 cum
523 2953 752 3038 Heynacherus
779 2954 811 3017 id
838 2959 996 3038 sequatur,
1023 2959 1058 3017 ut
1078 2952 1179 3017 Ennio
1201 2954 1284 3018 inter
1303 2955 1406 3019 fontes

316 3053 432 3138 primas
448 3053 586 3137 assignet
600 3059 715 3139 partes,
736 3054 862 3136 plurimi
884 3055 938 3118 alii
952 3054 1077 3117 Livium
1092 3053 1209 3118 fontem
1224 3055 1406 3140 primarium

131 3213 135 3220 .
222 3225 224 3234 Ι
315 3153 485 3232 nominant,
512 3172 582 3235 quo,
611 3159 646 3216 ut
673 3153 895 3218 Lachmannus
922 3154 996 3217 dicit
1006 3153 1038 3234 ³),
1066 3154 1144 3218 duce
1172 3159 1204 3218 11
1232 3155 1322 3237 quasi
1352 3154 1405 3217 filo

316 3274 391 3316 usus
413 3252 495 3333 1114).
538 3253 653 3317 Omnes
675 3259 781 3328 autem
803 3276 841 3318 ea
866 3255 953 3318 inre
975 3255 1170 3335 conveniunt,
1192 3254 1274 3339 quod
1295 3253 1405 3317 Silium

316 3353 426 3446 leviter
440 3360 561 3417 tanturn
579 3359 609 3417 et
623 3375 693 3417 raro
707 3354 887 3418 historicam
901 3354 995 3428 fidem
1014 3355 1192 3438 neglexisse
1208 3353 1406 3418 contendunt.

316 3453 428 3537 ltaque
450 3453 533 3536 quod
561 3475 666 3518 rerum
694 3461 854 3538 gestarum
884 3476 1021 3519 conexus
1038 3443 1118 3519 ¹ordo
1144 3475 1259 3518 causae
1281 3454 1405 3519 1111111-

228 3625 230 3632 ,
318 3554 403 3618 nitae
419 3560 517 3635 erant,
538 3553 682 3618 libertate
704 3555 840 3635 fingendi
856 3575 873 3620 1
888 3555 1032 3619 manibus
1045 3553 1172 3617 dimissa
1193 3553 1242 3617 his
1263 3554 1296 3617 in
1312 3555 1406 3620 rebus

400 3793 419 3857 ¹)
436 3795 476 3846 De
493 3794 625 3847 historicis
642 3797 732 3848 latinis
749 3814 774 3863 p.
792 3793 848 3848 142.

398 3874 419 3940 ²¹)
438 3878 490 3938 Qui
507 3880 580 3930 locus
599 3878 663 3930 Silio
680 3879 774 3931 Italico
792 3880 860 3931 inter
877 3879 963 3931 fontes
981 3879 1045 3931 belli
1073 3878 1167 3931 Punici
1183 3877 1292 3931 secundi
1309 3877 1406 3929 adscri-

316 3959 417 4012 bendus
434 3961 475 4014 sit.
509 3958 688 4014 Ilfeldi1877.
1200 3955 1202 3966 '

398 4041 420 4105 ⁸)
437 4044 477 4095 De
495 4044 570 4096 lontt.
589 4045 645 4097 Liv.
664 4061 757 4097 comm.
775 4046 810 4108 ΙΙ,
828 4043 850 4108 §-
867 4043 892 4110 5,
909 4062 934 4113 p.
952 4043 976 4096 8.

398 4123 420 4188 ⁴)
444 4126 840 4192 P1·aete1·eauideKere1·um;
866 4129 925 4196 Qua
948 4132 1025 4182 tenus
1049 4127 1128 4184 Silius
1150 4127 1259 4180 aLiuio
1285 4126 1407 4199 pendeat.

317 4209 405 4268 Bozeu
423 4207 495 4269 1880.
