<?xml version="1.0" encoding="UTF-8"?>
<!DOCTYPE html PUBLIC "-//W3C//DTD XHTML 1.0 Transitional//EN"
    "http://www.w3.org/TR/xhtml1/DTD/xhtml1-transitional.dtd">
<html xmlns="http://www.w3.org/1999/xhtml" xml:lang="en" lang="en">
 <head>
  <title>
</title>
<meta http-equiv="Content-Type" content="text/html;charset=utf-8" />
  <meta name='ocr-system' content='tesseract 3.04.00' />
  <meta name='ocr-capabilities' content='ocr_page ocr_carea ocr_par ocr_line ocrx_word'/>
</head>
<body>
  <div class='ocr_page' id='page_1' title='image "./quatenussiliusi00groegoog_0042.png"; bbox 0 0 3244 4996; ppageno 0'>
   <div class='ocr_carea' id='block_1_1' title="bbox 675 337 882 397">
    <p class='ocr_par' dir='ltr' id='par_1_1' title="bbox 675 337 882 397">
     <span class='ocr_line' id='line_1_1' title="bbox 675 337 882 397; baseline -0.005 -17"><span class='ocrx_word' id='word_1_1' title='bbox 675 337 882 397; x_wconf 68' lang='grc'>..37-</span> 
     </span>
    </p>
   </div>
   <div class='ocr_carea' id='block_1_2' title="bbox 227 516 1361 1104">
    <p class='ocr_par' dir='ltr' id='par_1_2' title="bbox 227 516 1361 1104">
     <span class='ocr_line' id='line_1_2' title="bbox 228 516 1326 599; baseline -0.001 -18"><span class='ocrx_word' id='word_1_2' title='bbox 228 517 272 581; x_wconf 84' lang='lat' dir='ltr'>Et</span> <span class='ocrx_word' id='word_1_3' title='bbox 311 524 417 581; x_wconf 84' lang='lat' dir='ltr'>tamen</span> <span class='ocrx_word' id='word_1_4' title='bbox 455 519 531 580; x_wconf 80' lang='lat' dir='ltr'>talia</span> <span class='ocrx_word' id='word_1_5' title='bbox 568 517 742 582; x_wconf 76' lang='lat' dir='ltr'>imitatione</span> <span class='ocrx_word' id='word_1_6' title='bbox 779 539 929 599; x_wconf 83' lang='lat' dir='ltr'>expresse</span> <span class='ocrx_word' id='word_1_7' title='bbox 966 538 1034 580; x_wconf 90' lang='lat' dir='ltr'>osse</span> <span class='ocrx_word' id='word_1_8' title='bbox 1070 517 1102 578; x_wconf 92' lang='lat' dir='ltr'>iu</span> <span class='ocrx_word' id='word_1_9' title='bbox 1138 516 1326 580; x_wconf 80' lang='lat' dir='ltr'>editionibus</span> 
     </span>
     <span class='ocr_line' id='line_1_3' title="bbox 228 617 1361 703; baseline 0.001 -23"><span class='ocrx_word' id='word_1_10' title='bbox 228 618 372 700; x_wconf 84' lang='lat' dir='ltr'>legimus.</span> <span class='ocrx_word' id='word_1_11' title='bbox 413 617 536 700; x_wconf 82' lang='lat' dir='ltr'>Itaque,</span> <span class='ocrx_word' id='word_1_12' title='bbox 565 619 624 681; x_wconf 89' lang='lat' dir='ltr'>nisi</span> <span class='ocrx_word' id='word_1_13' title='bbox 650 617 735 703; x_wconf 80' lang='lat' dir='ltr'>apud</span> <span class='ocrx_word' id='word_1_14' title='bbox 762 618 873 680; x_wconf 83' lang='lat' dir='ltr'>Silium</span> <span class='ocrx_word' id='word_1_15' title='bbox 902 617 1013 681; x_wconf 85' lang='lat' dir='ltr'>eedem</span> <span class='ocrx_word' id='word_1_16' title='bbox 1041 617 1137 680; x_wconf 81' lang='lat' dir='ltr'>verbe</span> <span class='ocrx_word' id='word_1_17' title='bbox 1166 618 1324 700; x_wconf 82' lang='lat' dir='ltr'>leguntur,</span> <span class='ocrx_word' id='word_1_18' title='bbox 1359 665 1361 670; x_wconf 86' lang='lat'>-</span> 
     </span>
     <span class='ocr_line' id='line_1_4' title="bbox 228 717 1324 801; baseline 0.001 -21"><span class='ocrx_word' id='word_1_19' title='bbox 228 718 343 800; x_wconf 87' lang='lat' dir='ltr'>quibus</span> <span class='ocrx_word' id='word_1_20' title='bbox 367 717 524 797; x_wconf 84' lang='lat' dir='ltr'>Vergilius</span> <span class='ocrx_word' id='word_1_21' title='bbox 544 740 619 782; x_wconf 91' lang='lat' dir='ltr'>usus</span> <span class='ocrx_word' id='word_1_22' title='bbox 641 723 697 798; x_wconf 88' lang='lat' dir='ltr'>est,</span> <span class='ocrx_word' id='word_1_23' title='bbox 721 724 847 781; x_wconf 83' lang='lat' dir='ltr'>autres</span> <span class='ocrx_word' id='word_1_24' title='bbox 869 717 1052 801; x_wconf 84' lang='lat' dir='ltr'>Vergiliano</span> <span class='ocrx_word' id='word_1_25' title='bbox 1073 717 1165 781; x_wconf 86' lang='lat' dir='ltr'>modo</span> <span class='ocrx_word' id='word_1_26' title='bbox 1180 717 1324 781; x_wconf 88' lang='lat' dir='ltr'>instituta</span> 
     </span>
     <span class='ocr_line' id='line_1_5' title="bbox 228 817 1323 903; baseline 0.001 -21"><span class='ocrx_word' id='word_1_27' title='bbox 228 817 433 899; x_wconf 82' lang='lat' dir='ltr'>ordinatoque</span> <span class='ocrx_word' id='word_1_28' title='bbox 456 825 511 899; x_wconf 86' lang='lat' dir='ltr'>est,</span> <span class='ocrx_word' id='word_1_29' title='bbox 533 840 594 881; x_wconf 89' lang='lat' dir='ltr'>non</span> <span class='ocrx_word' id='word_1_30' title='bbox 615 824 691 903; x_wconf 93' lang='lat' dir='ltr'>puto</span> <span class='ocrx_word' id='word_1_31' title='bbox 707 817 921 902; x_wconf 84' lang='lat' dir='ltr'>quaerendum</span> <span class='ocrx_word' id='word_1_32' title='bbox 941 839 1020 899; x_wconf 86' lang='lat' dir='ltr'>esse,</span> <span class='ocrx_word' id='word_1_33' title='bbox 1042 824 1147 881; x_wconf 91' lang='lat' dir='ltr'>utrum</span> <span class='ocrx_word' id='word_1_34' title='bbox 1162 818 1323 901; x_wconf 83' lang='lat' dir='ltr'>Vergilius</span> 
     </span>
     <span class='ocr_line' id='line_1_6' title="bbox 228 918 1322 1003; baseline -0.002 -21"><span class='ocrx_word' id='word_1_35' title='bbox 228 919 258 982; x_wconf 88' lang='lat' dir='ltr'>ei</span> <span class='ocrx_word' id='word_1_36' title='bbox 280 925 353 982; x_wconf 80' lang='lat' dir='ltr'>ante</span> <span class='ocrx_word' id='word_1_37' title='bbox 376 919 480 981; x_wconf 89' lang='lat' dir='ltr'>oeulos</span> <span class='ocrx_word' id='word_1_38' title='bbox 502 918 597 981; x_wconf 84' lang='lat' dir='ltr'>fuerit</span> <span class='ocrx_word' id='word_1_39' title='bbox 617 939 723 982; x_wconf 86' lang='lat' dir='ltr'>neone.</span> <span class='ocrx_word' id='word_1_40' title='bbox 757 919 826 993; x_wconf 82' lang='lat' dir='ltr'>Quo</span> <span class='ocrx_word' id='word_1_41' title='bbox 849 919 930 981; x_wconf 83' lang='lat' dir='ltr'>oiroo</span> <span class='ocrx_word' id='word_1_42' title='bbox 953 939 991 982; x_wconf 83' lang='lat' dir='ltr'>eo</span> <span class='ocrx_word' id='word_1_43' title='bbox 1014 919 1159 1003; x_wconf 83' lang='lat' dir='ltr'>exemplo</span> <span class='ocrx_word' id='word_1_44' title='bbox 1181 918 1322 999; x_wconf 80' lang='lat' dir='ltr'>afferam,</span> 
     </span>
     <span class='ocr_line' id='line_1_7' title="bbox 227 1017 1245 1104; baseline 0.001 -23"><span class='ocrx_word' id='word_1_45' title='bbox 227 1018 341 1104; x_wconf 91' lang='lat' dir='ltr'>quibus</span> <span class='ocrx_word' id='word_1_46' title='bbox 362 1018 520 1103; x_wconf 85' lang='lat' dir='ltr'>probetur,</span> <span class='ocrx_word' id='word_1_47' title='bbox 541 1018 638 1081; x_wconf 84' lang='lat' dir='ltr'>verbo</span> <span class='ocrx_word' id='word_1_48' title='bbox 659 1018 794 1102; x_wconf 87' lang='lat' dir='ltr'>Vergilii</span> <span class='ocrx_word' id='word_1_49' title='bbox 815 1017 903 1081; x_wconf 91' lang='lat' dir='ltr'>illum</span> <span class='ocrx_word' id='word_1_50' title='bbox 925 1019 1038 1082; x_wconf 86' lang='lat' dir='ltr'>iterum</span> <span class='ocrx_word' id='word_1_51' title='bbox 1059 1039 1245 1100; x_wconf 82' lang='lat' dir='ltr'>usurpasse:</span> 
     </span>
    </p>
   </div>
   <div class='ocr_carea' id='block_1_3' title="bbox 276 1166 1322 1822">
    <p class='ocr_par' dir='ltr' id='par_1_3' title="bbox 276 1166 1322 1822">
     <span class='ocr_line' id='line_1_8' title="bbox 278 1166 1122 1238; baseline -0.002 -16"><span class='ocrx_word' id='word_1_52' title='bbox 278 1166 304 1230; x_wconf 89' lang='lat'>1)</span> <span class='ocrx_word' id='word_1_53' title='bbox 322 1166 510 1221; x_wconf 66' lang='lat' dir='ltr'>Aeuvrloo:</span> <span class='ocrx_word' id='word_1_54' title='bbox 529 1208 658 1222; x_wconf 92' lang='grc'>......</span> <span class='ocrx_word' id='word_1_55' title='bbox 676 1171 738 1222; x_wconf 90' lang='lat' dir='ltr'>lieet</span> <span class='ocrx_word' id='word_1_56' title='bbox 755 1172 849 1238; x_wconf 87' lang='lat' dir='ltr'>ingens</span> <span class='ocrx_word' id='word_1_57' title='bbox 866 1170 998 1220; x_wconf 84' lang='lat' dir='ltr'>ianitor</span> <span class='ocrx_word' id='word_1_58' title='bbox 1021 1174 1122 1221; x_wconf 81' lang='lat' dir='ltr'>antro</span> 
     </span>
     <span class='ocr_line' id='line_1_9' title="bbox 527 1252 1322 1320; baseline 0 -16"><span class='ocrx_word' id='word_1_59' title='bbox 527 1253 712 1305; x_wconf 85' lang='lat' dir='ltr'>Aeternum</span> <span class='ocrx_word' id='word_1_60' title='bbox 734 1255 872 1305; x_wconf 81' lang='lat' dir='ltr'>latrans</span> <span class='ocrx_word' id='word_1_61' title='bbox 891 1252 1032 1320; x_wconf 81' lang='lat' dir='ltr'>exsanguis</span> <span class='ocrx_word' id='word_1_62' title='bbox 1050 1257 1173 1305; x_wconf 82' lang='lat' dir='ltr'>terreat</span> <span class='ocrx_word' id='word_1_63' title='bbox 1192 1253 1322 1304; x_wconf 81' lang='lat' dir='ltr'>umbros</span> 
     </span>
     <span class='ocr_line' id='line_1_10' title="bbox 322 1333 1322 1405; baseline 0 -17"><span class='ocrx_word' id='word_1_64' title='bbox 322 1336 368 1388; x_wconf 84' lang='lat' dir='ltr'>Sil.</span> <span class='ocrx_word' id='word_1_65' title='bbox 385 1336 427 1387; x_wconf 92' lang='lat' dir='ltr'>III</span> <span class='ocrx_word' id='word_1_66' title='bbox 445 1333 491 1387; x_wconf 80' lang='lat'>35:</span> <span class='ocrx_word' id='word_1_67' title='bbox 526 1336 576 1387; x_wconf 83' lang='lat' dir='ltr'>Ast</span> <span class='ocrx_word' id='word_1_68' title='bbox 594 1337 708 1405; x_wconf 78' lang='lat' dir='ltr'>Stygius,</span> <span class='ocrx_word' id='word_1_69' title='bbox 726 1337 812 1388; x_wconf 85' lang='lat' dir='ltr'>saevis</span> <span class='ocrx_word' id='word_1_70' title='bbox 829 1341 964 1388; x_wconf 85' lang='lat' dir='ltr'>terreus</span> <span class='ocrx_word' id='word_1_71' title='bbox 982 1336 1177 1387; x_wconf 77' lang='lat' dir='ltr'>latratibus</span> <span class='ocrx_word' id='word_1_72' title='bbox 1194 1336 1322 1388; x_wconf 83' lang='lat' dir='ltr'>umbras</span> 
     </span>
     <span class='ocr_line' id='line_1_11' title="bbox 526 1420 1320 1486; baseline 0 -16"><span class='ocrx_word' id='word_1_73' title='bbox 526 1420 543 1470; x_wconf 89' lang='lat' dir='ltr'><strong>J</strong></span> <span class='ocrx_word' id='word_1_74' title='bbox 549 1421 678 1482; x_wconf 72' lang='lat' dir='ltr'>enitor,</span> <span class='ocrx_word' id='word_1_75' title='bbox 697 1424 839 1471; x_wconf 80' lang='lat' dir='ltr'>esterno</span> <span class='ocrx_word' id='word_1_76' title='bbox 857 1423 914 1470; x_wconf 91' lang='lat' dir='ltr'>tum</span> <span class='ocrx_word' id='word_1_77' title='bbox 931 1420 1046 1486; x_wconf 91' lang='lat' dir='ltr'>primum</span> <span class='ocrx_word' id='word_1_78' title='bbox 1058 1422 1158 1470; x_wconf 81' lang='lat' dir='ltr'>tractus</span> <span class='ocrx_word' id='word_1_79' title='bbox 1176 1420 1210 1471; x_wconf 84' lang='lat' dir='ltr'>ab</span> <span class='ocrx_word' id='word_1_80' title='bbox 1228 1423 1320 1472; x_wconf 84' lang='lat' dir='ltr'>untro</span> 
     </span>
     <span class='ocr_line' id='line_1_12' title="bbox 526 1501 814 1570; baseline 0.01 -19"><span class='ocrx_word' id='word_1_81' title='bbox 526 1501 632 1564; x_wconf 80' lang='lat' dir='ltr'>(Vincla</span> <span class='ocrx_word' id='word_1_82' title='bbox 650 1501 814 1570; x_wconf 80' lang='lat' dir='ltr'>indignetur)</span> 
     </span>
     <span class='ocr_line' id='line_1_13' title="bbox 276 1583 1320 1653; baseline 0.001 -15"><span class='ocrx_word' id='word_1_83' title='bbox 276 1583 701 1653; x_wconf 63' lang='lat' dir='ltr'>2)V.Culex12b&#39;:Hospito</span> <span class='ocrx_word' id='word_1_84' title='bbox 735 1585 798 1636; x_wconf 90' lang='lat' dir='ltr'>dum</span> <span class='ocrx_word' id='word_1_85' title='bbox 831 1587 955 1638; x_wconf 81' lang='lat' dir='ltr'>nimia</span> <span class='ocrx_word' id='word_1_86' title='bbox 983 1587 1068 1638; x_wconf 91' lang='lat' dir='ltr'>tenuit</span> <span class='ocrx_word' id='word_1_87' title='bbox 1098 1586 1320 1639; x_wconf 81' lang='lat' dir='ltr'>dulcedine</span> 
     </span>
     <span class='ocr_line' id='line_1_14' title="bbox 1121 1672 1213 1736; baseline -0.011 -15"><span class='ocrx_word' id='word_1_88' title='bbox 1121 1672 1213 1736; x_wconf 79' lang='lat' dir='ltr'>coptos</span> 
     </span>
     <span class='ocr_line' id='line_1_15' title="bbox 321 1749 1220 1822; baseline 0.002 -18"><span class='ocrx_word' id='word_1_89' title='bbox 321 1752 365 1805; x_wconf 79' lang='lat' dir='ltr'>Sil.</span> <span class='ocrx_word' id='word_1_90' title='bbox 384 1749 505 1804; x_wconf 84' lang='lat'>111311:</span> <span class='ocrx_word' id='word_1_91' title='bbox 524 1753 557 1804; x_wconf 85' lang='lat' dir='ltr'>Et</span> <span class='ocrx_word' id='word_1_92' title='bbox 576 1752 672 1804; x_wconf 85' lang='lat' dir='ltr'>dulei</span> <span class='ocrx_word' id='word_1_93' title='bbox 689 1754 774 1822; x_wconf 82' lang='lat' dir='ltr'>pascit</span> <span class='ocrx_word' id='word_1_94' title='bbox 791 1755 859 1806; x_wconf 89' lang='lat' dir='ltr'>lotos</span> <span class='ocrx_word' id='word_1_95' title='bbox 877 1753 971 1806; x_wconf 87' lang='lat' dir='ltr'>nimis</span> <span class='ocrx_word' id='word_1_96' title='bbox 989 1754 1120 1820; x_wconf 79' lang='lat' dir='ltr'>hospite</span> <span class='ocrx_word' id='word_1_97' title='bbox 1138 1753 1220 1806; x_wconf 79' lang='lat' dir='ltr'>beosa</span> 
     </span>
    </p>
   </div>
   <div class='ocr_carea' id='block_1_4' title="bbox 309 1899 567 1980">
    <p class='ocr_par' dir='ltr' id='par_1_4' title="bbox 309 1899 567 1980">
     <span class='ocr_line' id='line_1_16' title="bbox 309 1899 567 1980; baseline 0 -14"><span class='ocrx_word' id='word_1_98' title='bbox 309 1899 340 1980; x_wconf 84' lang='lat'>3)</span> <span class='ocrx_word' id='word_1_99' title='bbox 362 1902 401 1967; x_wconf 88' lang='lat' dir='ltr'>de</span> <span class='ocrx_word' id='word_1_100' title='bbox 422 1902 567 1966; x_wconf 87' lang='lat' dir='ltr'>Phoebo:</span> 
     </span>
    </p>
   </div>
   <div class='ocr_carea' id='block_1_5' title="bbox 275 2049 1319 2202">
    <p class='ocr_par' dir='ltr' id='par_1_5' title="bbox 275 2049 1319 2202">
     <span class='ocr_line' id='line_1_17' title="bbox 275 2049 1319 2122; baseline 0.003 -18"><span class='ocrx_word' id='word_1_101' title='bbox 275 2054 342 2106; x_wconf 80' lang='lat' dir='ltr'>Aen,</span> <span class='ocrx_word' id='word_1_102' title='bbox 360 2054 399 2105; x_wconf 94' lang='lat' dir='ltr'>VI</span> <span class='ocrx_word' id='word_1_103' title='bbox 416 2051 463 2105; x_wconf 77' lang='lat' dir='ltr'>bb:</span> <span class='ocrx_word' id='word_1_104' title='bbox 489 2054 596 2106; x_wconf 83' lang='lat' dir='ltr'>Phoebe</span> <span class='ocrx_word' id='word_1_105' title='bbox 618 2049 708 2122; x_wconf 82' lang='lat' dir='ltr'>gmvis</span> <span class='ocrx_word' id='word_1_106' title='bbox 730 2054 855 2106; x_wconf 82' lang='lat' dir='ltr'>Troiae</span> <span class='ocrx_word' id='word_1_107' title='bbox 877 2070 1011 2120; x_wconf 87' lang='lat' dir='ltr'>semper</span> <span class='ocrx_word' id='word_1_108' title='bbox 1032 2055 1155 2106; x_wconf 79' lang='lat' dir='ltr'>miserete</span> <span class='ocrx_word' id='word_1_109' title='bbox 1179 2055 1319 2107; x_wconf 85' lang='lat' dir='ltr'>lobores</span> 
     </span>
     <span class='ocr_line' id='line_1_18' title="bbox 276 2135 1219 2202; baseline 0.004 -16"><span class='ocrx_word' id='word_1_110' title='bbox 276 2135 321 2188; x_wconf 80' lang='lat' dir='ltr'>Sil.</span> <span class='ocrx_word' id='word_1_111' title='bbox 339 2137 393 2186; x_wconf 87' lang='grc' dir='ltr'>ΧΠ</span> <span class='ocrx_word' id='word_1_112' title='bbox 411 2135 474 2189; x_wconf 90' lang='lat'>331:</span> <span class='ocrx_word' id='word_1_113' title='bbox 492 2138 664 2189; x_wconf 85' lang='lat' dir='ltr'>Troianos</span> <span class='ocrx_word' id='word_1_114' title='bbox 682 2140 759 2188; x_wconf 89' lang='lat' dir='ltr'>notus</span> <span class='ocrx_word' id='word_1_115' title='bbox 777 2152 911 2202; x_wconf 87' lang='lat' dir='ltr'>semper</span> <span class='ocrx_word' id='word_1_116' title='bbox 929 2137 1056 2188; x_wconf 84' lang='lat' dir='ltr'>minuisse</span> <span class='ocrx_word' id='word_1_117' title='bbox 1078 2138 1219 2190; x_wconf 78' lang='lat' dir='ltr'>labores</span> 
     </span>
    </p>
   </div>
   <div class='ocr_carea' id='block_1_6' title="bbox 225 2267 1263 2355">
    <p class='ocr_par' dir='ltr' id='par_1_6' title="bbox 225 2267 1263 2355">
     <span class='ocr_line' id='line_1_19' title="bbox 225 2267 1263 2355; baseline 0.001 -23"><span class='ocrx_word' id='word_1_118' title='bbox 225 2267 425 2350; x_wconf 82' lang='lat' dir='ltr'>(„minuisse“</span> <span class='ocrx_word' id='word_1_119' title='bbox 450 2292 522 2334; x_wconf 88' lang='lat' dir='ltr'>oum</span> <span class='ocrx_word' id='word_1_120' title='bbox 546 2269 728 2350; x_wconf 83' lang='lat' dir='ltr'>„miserate“</span> <span class='ocrx_word' id='word_1_121' title='bbox 753 2291 794 2334; x_wconf 84' lang='lat' dir='ltr'>ex</span> <span class='ocrx_word' id='word_1_122' title='bbox 815 2276 905 2355; x_wconf 83' lang='lat' dir='ltr'>parte</span> <span class='ocrx_word' id='word_1_123' title='bbox 927 2292 1096 2334; x_wconf 79' lang='lat' dir='ltr'>consonare</span> <span class='ocrx_word' id='word_1_124' title='bbox 1119 2270 1263 2351; x_wconf 86' lang='lat' dir='ltr'>videtur).</span> 
     </span>
    </p>
   </div>
   <div class='ocr_carea' id='block_1_7' title="bbox 307 2436 1317 2522">
    <p class='ocr_par' dir='ltr' id='par_1_7' title="bbox 307 2436 1317 2522">
     <span class='ocr_line' id='line_1_20' title="bbox 307 2436 1317 2522; baseline 0.003 -23"><span class='ocrx_word' id='word_1_125' title='bbox 307 2436 339 2516; x_wconf 83' lang='grc'>4)</span> <span class='ocrx_word' id='word_1_126' title='bbox 360 2437 425 2500; x_wconf 93' lang='lat' dir='ltr'>Ubi</span> <span class='ocrx_word' id='word_1_127' title='bbox 446 2438 479 2500; x_wconf 91' lang='lat' dir='ltr'>in</span> <span class='ocrx_word' id='word_1_128' title='bbox 499 2438 676 2502; x_wconf 79' lang='lat' dir='ltr'>secerdotes</span> <span class='ocrx_word' id='word_1_129' title='bbox 694 2437 862 2520; x_wconf 87' lang='lat' dir='ltr'>invehitur,</span> <span class='ocrx_word' id='word_1_130' title='bbox 885 2439 984 2502; x_wconf 84' lang='lat' dir='ltr'>forma</span> <span class='ocrx_word' id='word_1_131' title='bbox 1000 2438 1184 2522; x_wconf 79' lang='lat' dir='ltr'>Vergiliana</span> <span class='ocrx_word' id='word_1_132' title='bbox 1206 2439 1317 2502; x_wconf 91' lang='lat' dir='ltr'>utitur:</span> 
     </span>
    </p>
   </div>
   <div class='ocr_carea' id='block_1_8' title="bbox 183 2569 941 2710">
    <p class='ocr_par' dir='ltr' id='par_1_8' title="bbox 183 2569 941 2710">
     <span class='ocr_line' id='line_1_21' title="bbox 183 2569 941 2640; baseline 0.003 -18"><span class='ocrx_word' id='word_1_133' title='bbox 183 2603 184 2608; x_wconf 63' lang='lat'>=</span> <span class='ocrx_word' id='word_1_134' title='bbox 272 2572 339 2623; x_wconf 86' lang='lat' dir='ltr'>Aen.</span> <span class='ocrx_word' id='word_1_135' title='bbox 357 2572 396 2622; x_wconf 85' lang='lat' dir='ltr'>IV</span> <span class='ocrx_word' id='word_1_136' title='bbox 413 2569 458 2623; x_wconf 85' lang='lat'>65:</span> <span class='ocrx_word' id='word_1_137' title='bbox 477 2572 550 2623; x_wconf 90' lang='lat' dir='ltr'>Heu</span> <span class='ocrx_word' id='word_1_138' title='bbox 568 2576 682 2623; x_wconf 83' lang='lat' dir='ltr'>votum</span> <span class='ocrx_word' id='word_1_139' title='bbox 699 2573 808 2640; x_wconf 84' lang='lat' dir='ltr'>ignarae</span> <span class='ocrx_word' id='word_1_140' title='bbox 825 2576 941 2626; x_wconf 81' lang='lat' dir='ltr'>montes!</span> 
     </span>
     <span class='ocr_line' id='line_1_22' title="bbox 273 2653 902 2710; baseline 0.002 -4"><span class='ocrx_word' id='word_1_141' title='bbox 273 2655 392 2707; x_wconf 74' lang='lat' dir='ltr'>Silvssr</span> <span class='ocrx_word' id='word_1_142' title='bbox 401 2653 463 2709; x_wconf 89' lang='lat'>100:</span> <span class='ocrx_word' id='word_1_143' title='bbox 481 2656 552 2708; x_wconf 90' lang='lat' dir='ltr'>Heu</span> <span class='ocrx_word' id='word_1_144' title='bbox 569 2656 637 2707; x_wconf 83' lang='lat' dir='ltr'>seori</span> <span class='ocrx_word' id='word_1_145' title='bbox 654 2659 769 2708; x_wconf 85' lang='lat' dir='ltr'>vatum</span> <span class='ocrx_word' id='word_1_146' title='bbox 787 2659 902 2710; x_wconf 81' lang='lat' dir='ltr'>errores!</span> 
     </span>
    </p>
   </div>
   <div class='ocr_carea' id='block_1_9' title="bbox 306 2759 1211 2871">
    <p class='ocr_par' dir='ltr' id='par_1_9' title="bbox 306 2759 1211 2871">
     <span class='ocr_line' id='line_1_23' title="bbox 306 2759 1211 2871; baseline 0 -19"><span class='ocrx_word' id='word_1_147' title='bbox 306 2787 337 2867; x_wconf 84' lang='lat'>5)</span> <span class='ocrx_word' id='word_1_148' title='bbox 359 2759 503 2871; x_wconf 56' lang='lat' dir='ltr'>Vestigia&#39;</span> <span class='ocrx_word' id='word_1_149' title='bbox 525 2788 710 2871; x_wconf 74' lang='lat' dir='ltr'>Vergiliana</span> <span class='ocrx_word' id='word_1_150' title='bbox 731 2789 855 2853; x_wconf 74' lang='lat' dir='ltr'>invenio</span> <span class='ocrx_word' id='word_1_151' title='bbox 877 2790 908 2851; x_wconf 77' lang='lat' dir='ltr'>in</span> <span class='ocrx_word' id='word_1_152' title='bbox 931 2789 1040 2852; x_wconf 77' lang='lat' dir='ltr'>rasura</span> <span class='ocrx_word' id='word_1_153' title='bbox 1061 2788 1211 2869; x_wconf 69' lang='lat' dir='ltr'>Daedali:</span> 
     </span>
    </p>
   </div>
   <div class='ocr_carea' id='block_1_10' title="bbox 275 2935 1224 3175">
    <p class='ocr_par' dir='ltr' id='par_1_10' title="bbox 275 2935 1224 3175">
     <span class='ocr_line' id='line_1_24' title="bbox 275 2935 1208 3008; baseline 0.005 -20"><span class='ocrx_word' id='word_1_154' title='bbox 275 2937 338 2992; x_wconf 81' lang='lat' dir='ltr'>Aen.</span> <span class='ocrx_word' id='word_1_155' title='bbox 356 2939 395 2990; x_wconf 89' lang='lat' dir='ltr'>VI</span> <span class='ocrx_word' id='word_1_156' title='bbox 414 2935 460 2990; x_wconf 85' lang='lat'>14:</span> <span class='ocrx_word' id='word_1_157' title='bbox 481 2939 624 3003; x_wconf 78' lang='lat' dir='ltr'>Daedalus,</span> <span class='ocrx_word' id='word_1_158' title='bbox 642 2945 677 2992; x_wconf 94' lang='lat' dir='ltr'>ut</span> <span class='ocrx_word' id='word_1_159' title='bbox 695 2941 786 2992; x_wconf 79' lang='lat' dir='ltr'>fama</span> <span class='ocrx_word' id='word_1_160' title='bbox 804 2940 992 3008; x_wconf 79' lang='lat' dir='ltr'>est‚·fugiens</span> <span class='ocrx_word' id='word_1_161' title='bbox 1009 2941 1108 2992; x_wconf 82' lang='lat' dir='ltr'>Minoia</span> <span class='ocrx_word' id='word_1_162' title='bbox 1126 2957 1208 3008; x_wconf 82' lang='lat' dir='ltr'>regno</span> 
     </span>
     <span class='ocr_line' id='line_1_25' title="bbox 478 3022 1224 3103; baseline 0.004 -31"><span class='ocrx_word' id='word_1_163' title='bbox 478 3022 652 3089; x_wconf 82' lang='lat' dir='ltr'>Praepetibus</span> <span class='ocrx_word' id='word_1_164' title='bbox 669 3025 793 3089; x_wconf 87' lang='lat' dir='ltr'>pennis</span> <span class='ocrx_word' id='word_1_165' title='bbox 811 3039 914 3084; x_wconf 79' lang='lat' dir='ltr'>ausus</span> <span class='ocrx_word' id='word_1_166' title='bbox 932 3040 966 3074; x_wconf 88' lang='lat' dir='ltr'>se</span> <span class='ocrx_word' id='word_1_167' title='bbox 984 3023 1090 3075; x_wconf 86' lang='lat' dir='ltr'>eredere</span> <span class='ocrx_word' id='word_1_168' title='bbox 1108 3025 1182 3075; x_wconf 81' lang='lat' dir='ltr'>coelo</span> <span class='ocrx_word' id='word_1_169' title='bbox 1218 3095 1224 3103; x_wconf 37' lang='lat'><em>.</em></span> 
     </span>
     <span class='ocr_line' id='line_1_26' title="bbox 478 3106 1159 3175; baseline 0.003 -19"><span class='ocrx_word' id='word_1_170' title='bbox 478 3106 615 3158; x_wconf 82' lang='lat' dir='ltr'>Insuetum</span> <span class='ocrx_word' id='word_1_171' title='bbox 632 3124 680 3173; x_wconf 84' lang='lat' dir='ltr'>pei·</span> <span class='ocrx_word' id='word_1_172' title='bbox 697 3109 747 3159; x_wconf 87' lang='lat' dir='ltr'>iter</span> <span class='ocrx_word' id='word_1_173' title='bbox 763 3107 865 3175; x_wconf 84' lang='lat' dir='ltr'>gelidas</span> <span class='ocrx_word' id='word_1_174' title='bbox 883 3108 1003 3159; x_wconf 83' lang='lat' dir='ltr'>enavit</span> <span class='ocrx_word' id='word_1_175' title='bbox 1020 3107 1055 3159; x_wconf 86' lang='lat' dir='ltr'>ad</span> <span class='ocrx_word' id='word_1_176' title='bbox 1073 3111 1159 3158; x_wconf 79' lang='lat' dir='ltr'>arctos</span> 
     </span>
    </p>
   </div>
   <div class='ocr_carea' id='block_1_11' title="bbox 477 3274 1290 3426">
    <p class='ocr_par' dir='ltr' id='par_1_11' title="bbox 477 3274 1290 3426">
     <span class='ocr_line' id='line_1_27' title="bbox 478 3274 947 3337; baseline 0.004 -15"><span class='ocrx_word' id='word_1_177' title='bbox 478 3308 508 3322; x_wconf 81' lang='grc'>..</span> <span class='ocrx_word' id='word_1_178' title='bbox 527 3311 533 3322; x_wconf 94' lang='grc'><strong>.</strong></span> <span class='ocrx_word' id='word_1_179' title='bbox 552 3311 558 3322; x_wconf 93' lang='grc'><strong>.</strong></span> <span class='ocrx_word' id='word_1_180' title='bbox 577 3312 582 3323; x_wconf 94' lang='grc'><em>.</em></span> <span class='ocrx_word' id='word_1_181' title='bbox 602 3312 607 3323; x_wconf 96' lang='grc'>.</span> <span class='ocrx_word' id='word_1_182' title='bbox 626 3274 681 3336; x_wconf 80' lang='lat' dir='ltr'>tibi,</span> <span class='ocrx_word' id='word_1_183' title='bbox 700 3275 815 3337; x_wconf 83' lang='lat' dir='ltr'>Phoebe,</span> <span class='ocrx_word' id='word_1_184' title='bbox 832 3274 947 3326; x_wconf 82' lang='lat' dir='ltr'>sacravit</span> 
     </span>
     <span class='ocr_line' id='line_1_28' title="bbox 477 3354 1290 3426; baseline 0.005 -20"><span class='ocrx_word' id='word_1_185' title='bbox 477 3356 670 3422; x_wconf 87' lang='lat' dir='ltr'>Remigium</span> <span class='ocrx_word' id='word_1_186' title='bbox 688 3354 821 3408; x_wconf 82' lang='lat' dir='ltr'>elerum</span> <span class='ocrx_word' id='word_1_187' title='bbox 838 3358 978 3424; x_wconf 89' lang='lat' dir='ltr'>posuitque</span> <span class='ocrx_word' id='word_1_188' title='bbox 996 3358 1123 3410; x_wconf 80' lang='lat' dir='ltr'>immunia</span> <span class='ocrx_word' id='word_1_189' title='bbox 1142 3359 1242 3426; x_wconf 82' lang='lat' dir='ltr'>templa</span> <span class='ocrx_word' id='word_1_190' title='bbox 1289 3373 1290 3376; x_wconf 74' lang='grc'>’</span> 
     </span>
    </p>
   </div>
   <div class='ocr_carea' id='block_1_12' title="bbox 270 3437 1042 3591">
    <p class='ocr_par' dir='ltr' id='par_1_12' title="bbox 270 3437 1042 3591">
     <span class='ocr_line' id='line_1_29' title="bbox 270 3437 976 3492; baseline 0.003 -2"><span class='ocrx_word' id='word_1_191' title='bbox 270 3439 316 3492; x_wconf 80' lang='lat' dir='ltr'>Sil.</span> <span class='ocrx_word' id='word_1_192' title='bbox 335 3439 389 3490; x_wconf 87' lang='lat' dir='ltr'>XII</span> <span class='ocrx_word' id='word_1_193' title='bbox 406 3437 450 3492; x_wconf 83' lang='lat'>89:</span> <span class='ocrx_word' id='word_1_194' title='bbox 478 3479 681 3491; x_wconf 88' lang='grc'><strong>.........</strong></span> <span class='ocrx_word' id='word_1_195' title='bbox 701 3440 767 3492; x_wconf 81' lang='lat' dir='ltr'>Cum</span> <span class='ocrx_word' id='word_1_196' title='bbox 784 3441 856 3492; x_wconf 84' lang='lat' dir='ltr'>bella</span> <span class='ocrx_word' id='word_1_197' title='bbox 872 3441 976 3492; x_wconf 87' lang='lat' dir='ltr'>timeret</span> 
     </span>
     <span class='ocr_line' id='line_1_30' title="bbox 477 3523 1042 3591; baseline 0.002 -18"><span class='ocrx_word' id='word_1_198' title='bbox 477 3523 581 3576; x_wconf 84' lang='lat' dir='ltr'>Dictaei</span> <span class='ocrx_word' id='word_1_199' title='bbox 598 3523 675 3591; x_wconf 80' lang='lat' dir='ltr'>regis,</span> <span class='ocrx_word' id='word_1_200' title='bbox 693 3524 742 3574; x_wconf 89' lang='lat' dir='ltr'>sio</span> <span class='ocrx_word' id='word_1_201' title='bbox 759 3524 850 3576; x_wconf 82' lang='lat' dir='ltr'>lama</span> <span class='ocrx_word' id='word_1_202' title='bbox 868 3528 920 3576; x_wconf 89' lang='lat' dir='ltr'>est</span> <span class='ocrx_word' id='word_1_203' title='bbox 937 3563 1042 3575; x_wconf 90' lang='grc'>.....</span> 
     </span>
    </p>
   </div>
   <div class='ocr_carea' id='block_1_13' title="bbox 476 3690 1095 4169">
    <p class='ocr_par' dir='ltr' id='par_1_13' title="bbox 476 3690 1095 3841">
     <span class='ocr_line' id='line_1_31' title="bbox 477 3690 1095 3742; baseline 0.003 -2"><span class='ocrx_word' id='word_1_204' title='bbox 477 3729 581 3742; x_wconf 90' lang='grc'><strong>.....</strong></span> <span class='ocrx_word' id='word_1_205' title='bbox 600 3691 737 3742; x_wconf 80' lang='lat' dir='ltr'>aethereas</span> <span class='ocrx_word' id='word_1_206' title='bbox 755 3690 843 3742; x_wconf 81' lang='lat' dir='ltr'>aliene</span> <span class='ocrx_word' id='word_1_207' title='bbox 860 3691 953 3742; x_wconf 86' lang='lat' dir='ltr'>tollere</span> <span class='ocrx_word' id='word_1_208' title='bbox 971 3691 998 3741; x_wconf 89' lang='lat' dir='ltr'>in</span> <span class='ocrx_word' id='word_1_209' title='bbox 1016 3707 1095 3742; x_wconf 83' lang='lat' dir='ltr'>auras</span> 
     </span>
     <span class='ocr_line' id='line_1_32' title="bbox 476 3775 945 3841; baseline 0.002 -18"><span class='ocrx_word' id='word_1_210' title='bbox 476 3775 588 3826; x_wconf 83' lang='lat' dir='ltr'>Ausus</span> <span class='ocrx_word' id='word_1_211' title='bbox 610 3790 643 3826; x_wconf 90' lang='lat' dir='ltr'>se</span> <span class='ocrx_word' id='word_1_212' title='bbox 665 3791 778 3841; x_wconf 86' lang='lat' dir='ltr'>penna</span> <span class='ocrx_word' id='word_1_213' title='bbox 796 3811 925 3825; x_wconf 90' lang='grc'><strong>......</strong></span> <span class='ocrx_word' id='word_1_214' title='bbox 943 3797 945 3802; x_wconf 95' lang='grc'><strong><em>·</em></strong></span> 
     </span>
    </p>

    <p class='ocr_par' dir='ltr' id='par_1_14' title="bbox 476 3857 996 3991">
     <span class='ocr_line' id='line_1_33' title="bbox 476 3857 996 3925; baseline 0 -17"><span class='ocrx_word' id='word_1_215' title='bbox 476 3896 580 3908; x_wconf 90' lang='grc'>.....</span> <span class='ocrx_word' id='word_1_216' title='bbox 600 3858 687 3910; x_wconf 83' lang='lat' dir='ltr'>medie</span> <span class='ocrx_word' id='word_1_217' title='bbox 704 3859 773 3909; x_wconf 88' lang='lat' dir='ltr'>iuter</span> <span class='ocrx_word' id='word_1_218' title='bbox 791 3857 883 3908; x_wconf 81' lang='lat' dir='ltr'>nubila</span> <span class='ocrx_word' id='word_1_219' title='bbox 900 3873 996 3925; x_wconf 84' lang='lat' dir='ltr'>eorpus</span> 
     </span>
     <span class='ocr_line' id='line_1_34' title="bbox 476 3940 775 3991; baseline 0.003 -1"><span class='ocrx_word' id='word_1_220' title='bbox 476 3940 603 3991; x_wconf 76' lang='lat' dir='ltr'>Erravit</span> <span class='ocrx_word' id='word_1_221' title='bbox 620 3979 775 3991; x_wconf 86' lang='grc'>.......</span> 
     </span>
    </p>

    <p class='ocr_par' dir='ltr' id='par_1_15' title="bbox 476 4024 982 4169">
     <span class='ocr_line' id='line_1_35' title="bbox 476 4024 891 4090; baseline -0.002 -15"><span class='ocrx_word' id='word_1_222' title='bbox 476 4062 605 4075; x_wconf 91' lang='grc'>......</span> <span class='ocrx_word' id='word_1_223' title='bbox 624 4024 781 4090; x_wconf 83' lang='lat' dir='ltr'>lapsumque</span> <span class='ocrx_word' id='word_1_224' title='bbox 799 4024 891 4074; x_wconf 86' lang='lat' dir='ltr'>solutis</span> 
     </span>
     <span class='ocr_line' id='line_1_36' title="bbox 476 4105 982 4169; baseline 0.002 -12"><span class='ocrx_word' id='word_1_225' title='bbox 476 4107 670 4158; x_wconf 85' lang='lat' dir='ltr'>Pennarum</span> <span class='ocrx_word' id='word_1_226' title='bbox 688 4108 791 4158; x_wconf 88' lang='lat' dir='ltr'>remis</span> <span class='ocrx_word' id='word_1_227' title='bbox 809 4105 886 4169; x_wconf 81' lang='lat' dir='ltr'>(vidit</span> <span class='ocrx_word' id='word_1_228' title='bbox 904 4105 982 4169; x_wconf 86' lang='lat' dir='ltr'>freto)</span> 
     </span>
    </p>
   </div>
   <div class='ocr_carea' id='block_1_14' title="bbox 219 4229 1220 4317">
    <p class='ocr_par' dir='ltr' id='par_1_16' title="bbox 219 4229 1220 4317">
     <span class='ocr_line' id='line_1_37' title="bbox 219 4229 1220 4317; baseline 0.005 -25"><span class='ocrx_word' id='word_1_229' title='bbox 219 4229 301 4292; x_wconf 87' lang='lat' dir='ltr'>Tum</span> <span class='ocrx_word' id='word_1_230' title='bbox 321 4231 472 4315; x_wconf 88' lang='lat' dir='ltr'>templum</span> <span class='ocrx_word' id='word_1_231' title='bbox 494 4229 634 4317; x_wconf 86' lang='lat' dir='ltr'>Apollini</span> <span class='ocrx_word' id='word_1_232' title='bbox 656 4240 687 4294; x_wconf 91' lang='lat' dir='ltr'>et</span> <span class='ocrx_word' id='word_1_233' title='bbox 708 4252 828 4315; x_wconf 85' lang='lat' dir='ltr'>pennas</span> <span class='ocrx_word' id='word_1_234' title='bbox 850 4238 988 4295; x_wconf 78' lang='lat' dir='ltr'>socratas</span> <span class='ocrx_word' id='word_1_235' title='bbox 1010 4253 1078 4296; x_wconf 87' lang='lat' dir='ltr'>esse</span> <span class='ocrx_word' id='word_1_236' title='bbox 1100 4232 1220 4298; x_wconf 87' lang='lat' dir='ltr'>dieitur.</span> 
     </span>
    </p>
   </div>
   <div class='ocr_carea' id='block_1_15' title="bbox 0 0 1626 4996">
    <p class='ocr_par' dir='ltr' id='par_1_17' title="bbox 0 0 1626 4996">
     <span class='ocr_line' id='line_1_38' title="bbox 0 0 1626 4996; baseline 0 2"><span class='ocrx_word' id='word_1_237' title='bbox 0 0 1626 4996; x_wconf 95' lang='lat' dir='ltr'> </span> 
     </span>
    </p>
   </div>
  </div>
 </body>
</html>
