3244 4996
767 393 970 454 ..40.„

369 575 396 638 2)
421 576 487 628 Aen.
505 575 546 626 IX
563 572 626 627 247:
743 575 1083 641 .quorumsempersub
1101 574 1239 625 numina
1257 573 1357 624 Troia
1375 575 1414 623 est

420 659 466 713 Sil.
483 643 549 712 XVI
566 656 629 711 655:
1025 657 1086 709 sub
1110 657 1247 710 numine
1272 672 1412 724 quorum

668 741 739 794 Gens
757 743 909 794 Troiana
927 757 1017 793 sumus

368 823 394 887 3)
418 826 485 878 Aen.
503 827 571 877 VIII
588 822 651 877 163:
669 826 816 878 ardebat
839 842 929 877 amore
953 823 1174 891 Compellare
1196 823 1307 875 virum
1375 861 1379 870 .

420 908 464 962 Sil.
483 908 551 960 XIII
568 904 631 960 719:
668 907 863 976 Appellare
880 909 974 961 viros
992 911 1049 960 erat
1066 907 1176 960 ardor.

401 1141 515 1205 Restat
536 1141 663 1204 tertium
689 1163 797 1224 genus.
840 1141 1011 1225 Postquam
1039 1140 1142 1204 adhuc
1169 1142 1252 1204 locos
1280 1140 1414 1204 Silianos

319 1241 523 1326 contemplati
545 1263 662 1323 sumus,
685 1241 738 1325 qui
760 1241 835 1322 quin
856 1262 897 1304 ex
916 1241 1049 1324 Vergilii
1069 1240 1219 1328 Aeneide
1233 1241 1323 1326 petiti
1345 1241 1415 1322 sint,

318 1342 448 1405 dubium
475 1363 537 1406 non
566 1347 623 1423 est,
653 1341 717 1405 iam
745 1348 942 1405 transeamus
974 1341 1014 1404 ad
1047 1361 1110 1423 eos,
1143 1341 1255 1425 quibus
1281 1341 1414 1424 vestigia

318 1441 504 1525 Vergiliana
533 1442 645 1506 leviter
673 1447 796 1504 tantum
823 1442 976 1527 impressa
1007 1447 1086 1505 suut.
1128 1441 1190 1515 Qui
1222 1462 1414 1526 quamquam

319 1550 350 1606 et
371 1543 403 1604 in
425 1541 525 1604 forma
552 1548 583 1606 et
611 1542 642 1604 in
665 1541 768 1604 verbis
789 1543 902 1606 variati
929 1562 1023 1627 saepe
1048 1541 1253 1604 imitationem
1282 1541 1413 1626 prodere

318 1663 379 1706 non
401 1641 555 1723 videntur,
577 1647 684 1705 tamen
705 1641 847 1725 Vergilio
869 1648 995 1705 auctore
1017 1641 1128 1706 Silium
1154 1663 1206 1704 eos
1232 1641 1360 1704 finxisse
1383 1647 1414 1704 et

319 1742 530 1827 composuisse
553 1763 738 1825 persuasum
760 1740 836 1803 mihi
859 1748 914 1806 est.
938 1738 1044 1805 Huius
1059 1742 1181 1821 generis
1196 1741 1414 1805 similitudines

318 1864 379 1906 non
415 1841 474 1904 hoc
509 1841 600 1905 modo
636 1848 723 1905 ortae
753 1863 828 1905 esse
864 1841 1023 1924 putandae
1064 1848 1145 1923 sunt,
1181 1847 1217 1904 ut
1253 1841 1347 1905 Silius
1380 1842 1426 1916 in

319 1941 480 2005 scribendo
491 1940 669 2024 Vergilium
689 1941 729 2004 ad
747 1963 859 2006 manus
879 1948 1015 2006 sumeret
1034 1947 1065 2005 et
1080 1942 1120 2006 ad
1134 1943 1218 2005 illius
1231 1943 1414 2024 ,exemplum

231 2089 236 2097 .
319 2042 505 2123 elaboraret,
538 2041 621 2127 quod
654 2050 737 2106 certe
770 2042 809 2106 de
841 2042 951 2126 paucis
982 2043 1124 2106 versibus
1154 2042 1249 2106 valet.
1302 2041 1413 2107 Altera

318 2163 393 2227 pars
415 2160 514 2223 eaque
536 2142 636 2205 maior
657 2143 801 2206 convenit
826 2164 897 2206 cum
919 2143 1069 2226 Vergilio,
1096 2141 1179 2227 quod
1204 2143 1298 2220 Silius
1324 2143 1414 2228 quasi

318 2243 434 2305 invitus
455 2243 488 2305 in
510 2242 641 2305 similem
663 2244 764 2306 locum
792 2242 908 2323 incidit,
938 2243 992 2327 qui
1018 2244 1050 2305 in
1077 2243 1227 2306 memoria
1252 2243 1413 2324 haerebat,

317 2343 349 2406 id
372 2342 454 2427 quod
475 2342 515 2406 de
537 2341 662 2406 homine
688 2364 804 2426 magns
832 2344 965 2407 lectione
993 2343 1112 2426 imbuto
1140 2364 1200 2426 per·
1224 2365 1258 2407 se
1286 2364 1411 2408 consen·

317 2450 445 2507 tansum
468 2449 523 2506 est.
565 2442 626 2506 Sed
649 2443 682 2505 in
704 2443 835 2525 singulis
857 2444 1009 2526 exemplis
1035 2465 1105 2506 cum
1132 2444 1200 2508 fieri
1221 2466 1283 2507 non
1305 2446 1411 2529 possit,

317 2548 353 2605 ut
374 2543 569 2623 diiudicetur,
591 2549 696 2605 utrum
711 2542 805 2606 Silius
825 2543 864 2606 ad
884 2543 961 2607 certi
979 2544 1039 2607 loci
1058 2546 1238 2629 exemplum
1256 2546 1412 2630 scripserit

263 2661 268 2670 ·
317 2665 424 2723 necne,
459 2643 633 2726 promiscue
672 2644 861 2707 enumerabo
898 2645 1053 2729 exempla.
1108 2643 1150 2708 Et
1185 2646 1333 2730 quoniam
1361 2652 1413 2711 'tot

206 2786 209 2792 ·
315 2749 482 2825 tantasque
515 2743 733 2807 similitudines
763 2744 844 2808 inter
876 2743 986 2807 Silium
1020 2751 1051 2809 et
1078 2745 1254 2825 Vergilium
1286 2752 1412 2812 exstare

315 2843 378 2905 iam
401 2849 532 2924 constat,
555 2844 650 2907 etiam
672 2843 854 2908 tenuissima
876 2844 1010 2928 vestigia
1036 2845 1234 2928 neglegenda
1260 2867 1322 2910 non
1344 2869 1411 2911 esse

315 2949 401 3029 puto,
423 2943 497 3006 dum
519 2943 551 3006 id
573 2965 670 3006 unum
692 2951 865 3025 teneamus,
894 2967 933 3008 ne
961 2945 1088 3009 modum
1117 2945 1307 3009 excedamus
1333 2968 1411 3011 neve

315 3043 420 3105 statim
453 3042 491 3106 de
524 3043 697 3106 imitatione
729 3045 912 3127 cogitemus,
943 3044 998 3107 ubi
1030 3065 1072 3108 ex
1105 3045 1167 3108 alio
1197 3045 1283 3109 fonte
1319 3046 1411 3110 facile

314 3142 450 3206 deriuari
482 3149 584 3226 potest
617 3132 797 3207 similitudo,
840 3145 925 3206 Nam
956 3144 1014 3208 hoc
1045 3166 1169 3230 quoque
1200 3147 1411 3230 reputandum

315 3249 371 3324 est,
394 3242 505 3305 Silium
527 3244 698 3327 permultos
720 3243 797 3307 alios
820 3244 986 3329 scriptores
1007 3245 1163 3328 imitatum
1186 3245 1411 3325 essevideri1).

314 3343 566 3416 Quamobrem
590 3344 752 3429 exemplis,
782 3366 863 3429 quae
892 3345 1031 3425 exhibui,
1060 3347 1160 3410 multa
1188 3346 1250 3409 alia
1278 3347 1409 3410 fortasse

314 3443 427 3527 aliquis
449 3442 563 3507 addere
585 3445 636 3507 rel
658 3444 697 3507 de
718 3444 765 3525 iis,
788 3466 869 3530 quae
892 3446 992 3525 attuli,
1018 3447 1110 3510 aliter
1130 3445 1268 3510 iudicare
1289 3448 1410 3532 poterit.

312 3542 421 3606 Affero
443 3550 549 3606 autem
571 3543 665 3607 haec:

316 3659 317 3662 ’
399 3641 427 3722 1)
449 3642 497 3706 Ι)9
512 3643 638 3707 Mauris
659 3644 733 3708 dicit
754 3645 856 3726 Silius,
878 3667 960 3730 quae
982 3646 1140 3725 Vergilius
1162 3646 1201 3710 de
1223 3646 1325 3714 Afris:

362 3773 389 3840 1)
407 3777 503 3847 Georg.
522 3779 564 3830 ΙΙΙ
581 3777 644 3831 341:
663 3781 748 3846 Saepe
761 3780 831 3831 diem
843 3783 1000 3847 noctemque
1013 3785 1038 3832 et
1050 3784 1135 3832 totum
1145 3799 1178 3834 ex
1188 3783 1279 3836 ordine
1291 3800 1408 3836 mensem

660 3864 781 3916 Pascitur
801 3864 904 3929 itque
934 3880 1014 3931 pecus
1040 3866 1121 3934 longa
1150 3867 1177 3918 in
1204 3867 1307 3921 deserta
1333 3868 1408 3921 sine

1122 3950 1208 4001 ullis

660 4031 803 4098 Hospitiis:
821 4034 926 4083 tantum
949 4033 1063 4100 campi
1080 4033 1157 4086 iacet.
1179 4032 1301 4086 Omnia
1319 4051 1407 4087 secum

659 4114 844 4166 armentarius
861 4115 928 4166 Afer
945 4116 1001 4183 agit
1018 4119 1219 4182 tectumque
1238 4118 1374 4184 laremque

658 4198 795 4263 Armaque
813 4197 1110 4266 Amyclaeumque
1133 4216 1251 4252 canem
1273 4200 1406 4253 Cressam-

1117 4301 1168 4350 que
1186 4285 1340 4351 pharetram

395 4402 414 4468 ¹)
432 4405 472 4459 De
491 4405 586 4474 quibus
604 4405 664 4459 vide
681 4407 794 4461 Weaelii
811 4407 1029 4462 dissertationem.
