3244 4996
762 362 968 422 ...22-

405 546 465 618 Qui
491 545 661 609 secundum
688 546 791 608 locum
813 549 908 621 tenet,
930 543 1062 627 primum
1091 548 1219 626 superat
1239 541 1328 620 (Aen.
1353 543 1409 603 167

248 630 250 636 ’
326 681 365 692 -
387 644 439 707 Sil.
463 643 537 724 395)
560 651 591 708 et
612 644 772 708 victoriam
794 648 934 728 reportat
954 641 1045 721 (Aen.
1066 643 1123 704 241
1148 679 1188 688 -
1210 640 1263 704 Sil.
1285 639 1374 720 441)

405 743 555 826 Primum,
582 745 634 826 qui
663 745 726 808 iarn
755 766 774 807 a
800 742 935 807 secundo
964 748 1128 827 superatus
1157 749 1213 822 est,
1241 742 1267 804 is
1289 762 1411 828 quoque

323 844 507 928 assequitur,
543 844 597 928 qui
629 842 669 906 ad
705 843 736 905 id
781 849 905 928 tempus
941 843 1031 906 tertio
1063 842 1095 904 in
1131 843 1198 905 loco
1235 847 1412 904 cucurrerat

324 942 415 1018 (Aen.
436 945 497 1007 223
519 981 558 992 ·—
582 943 635 1007 sil.
657 944 739 1020 418).
1371 1001 1374 1010 ,

407 1044 478 1118 Qua
499 1064 532 1107 re
555 1043 595 1107 ad
618 1064 705 1128 spem
721 1043 868 1107 victoriae
884 1041 1036 1106 adductus
1054 1043 1164 1107 tertius
1186 1047 1273 1105 tanto
1294 1042 1413 1124 impetu

323 1143 431 1224 fertur,
453 1150 488 1207 ut
509 1165 610 1231 paene
638 1143 726 1206 illum
753 1148 887 1227 superet,
920 1141 973 1225 qui
999 1141 1086 1204 initio
1115 1140 1283 1205 secundum
1311 1142 1413 1205 locum

324 1243 458 1306 obtinuit
480 1250 511 1306 et
533 1249 642 1328 postea
664 1243 763 1306 victor
784 1240 914 1304 discedit
934 1241 1026 1320 (Aen.
1048 1243 1109 1304 225
1132 1277 1169 1285 -
1193 1241 1245 1305 Sil.
1267 1239 1348 1320 421).

404 1342 456 1424 Iis,
472 1343 525 1428 qui
547 1344 758 1408 calamitatem
780 1343 811 1404 in
834 1341 980 1406 certando
1002 1348 1197 1427 acceperant,
1219 1342 1414 1428 pardonum

323 1443 423 1523 datur,
455 1443 539 1528 apud
567 1443 662 1522 Verg.
695 1464 795 1523 serva,
828 1442 912 1528 apud
944 1441 996 1505 Sil.
1029 1463 1136 1506 servus
1164 1441 1259 1522 (Aen,
1282 1445 1344 1507 282
1372 1479 1412 1489 -

324 1543 376 1606 Sil.
398 1541 480 1622 453).

404 1642 514 1706 Finem
529 1641 611 1705 ludis
632 1641 762 1722 faciunt,
786 1642 840 1728 qui
855 1642 1002 1706 societate
1026 1665 1084 1724 sua
1098 1642 1234 1707 solemne
1257 1649 1414 1707 certamen

242 1805 244 1812 ,
322 1743 439 1806 maiore
461 1743 577 1806 honore
606 1761 722 1824 augere
743 1740 897 1822 videntur,
925 1742 957 1804 in
978 1742 1104 1806 Punicis
1125 1742 1160 1806 L.
1183 1742 1295 1828 Scipio,
1315 1742 1413 1806 frater
1459 1747 1461 1754 '

322 1844 528 1930 imperatoris,
561 1848 593 1906 et
624 1842 752 1905 Laelius
783 1839 878 1922 (576),
910 1841 941 1903 in
973 1839 1114 1904 Aeneide
1150 1840 1252 1923 Julus,
1285 1842 1413 1906 Aeneae

322 1945 415 2026 filine,
437 1943 589 2028 puerique
611 1942 760 2027 aequales
781 1939 877 2020 (545)

404 2041 526 2106 Deinde
548 2043 574 2106 si
601 2063 709 2105 omnes
729 2042 763 2104 in
783 2035 934 2105 'ludorum
962 2040 1167 2122 descriptione
1197 2041 1413 2106 similitudines

323 2144 355 2207 in
377 2143 516 2206 animum
536 2163 657 2224 revoco,
680 2164 742 2206 non
764 2163 838 2205 casu
860 2142 978 2205 factum
1001 2162 1067 2205 esse
1096 2140 1229 2221 credam,
1257 2148 1292 2205 ut
1320 2141 1414 2205 Silius

323 2243 501 2326 prodigium
528 2243 720 2306 certantibus
749 2242 864 2305 obiciat
890 2241 981 2322 (XVI
1010 2240 1093 2322 587),
1120 2241 1175 2305 sed
1202 2241 1262 2304 hac
1285 2262 1413 2326 quoque

323 2344 355 2406 in
376 2365 411 2430 re
431 2342 607 2427 Vergilium
630 2342 705 2428 Silio
729 2342 873 2426 exemplo
895 2341 1001 2421 fuisse,
1028 2341 1085 2404 etsi
1105 2341 1191 2404 locus
1212 2340 1414 2424 Vergilianus

323 2443 365 2522 (V
388 2441 460 2522 522)
483 2442 568 2505 aliud
590 2461 680 2504 omen
703 2440 831 2504 exhibet
853 2461 890 2504 ac
912 2440 1047 2504 Silianus
1069 2478 1108 2486 -
1131 2441 1306 2506 exardescit
1331 2440 1413 2504 enirn

324 2543 440 2626 sagitta
468 2543 508 2605 ab
537 2542 652 2604 Aceste
680 2539 774 2602 missa
803 2574 851 2602 —.
893 2540 1123 2622 Argumentum
1150 2541 1251 2626 ipsum
1280 2540 1413 2626 prodigii

323 2642 465 2722 fortasse,
493 2647 528 2704 ut
549 2639 713 2728 Ernestius
741 2639 794 2718 ait,
823 2660 864 2703 ex
891 2638 1020 2703 historia
1049 2639 1175 2704 Romuli
1201 2641 1299 2722 petiit,
1326 2641 1414 2704 cuius
1501 2679 1503 2686 ·

323 2741 415 2804 hasta
442 2740 475 2803 in
502 2740 683 2804 Palatinum
710 2745 847 2803 montem
877 2740 1017 2805 coniecta
1048 2741 1080 2803 in
1107 2761 1254 2824 magnam
1287 2763 1413 2805 cornum

323 2842 461 2906 excrevit
481 2841 583 2921 (Ovid.
604 2847 677 2905 met.
699 2840 761 2903 XV
784 2839 866 2920 560).

405 2940 549 3025 Denique
577 2941 635 3004 hoc
662 2941 730 3003 loco
757 2961 819 3003 non
847 2941 949 3003 nullos
977 2940 1045 3003 Silii
1074 2961 1181 3004 versus
1210 2961 1251 3003 ex
1272 2939 1412 3004 Aeneide

322 3060 487 3125 expressos
508 3039 674 3121 adnotabo,
697 3040 804 3124 quiin
826 3040 937 3103 ceteris
960 3039 1182 3103 certaminibus
1206 3041 1299 3124 longe
1322 3039 1413 3102 aliter

322 3140 478 3226 dispositis
499 3140 588 3204 nobis
610 3143 790 3204 occurrunt:

372 3272 398 3335 1)
416 3275 483 3326 Aen.
502 3275 527 3324 V
546 3271 607 3326 170:
625 3274 706 3326 Radit
723 3274 792 3325 inter·
816 3274 947 3325 laevum
970 3274 1121 3325 interior·

415 3357 460 3408 Sil.
470 3357 536 3408 XVI
543 3354 606 3408 362:
625 3357 676 3410 Sed
700 3357 800 3408 laevo
824 3355 976 3406 interior
993 3357 1138 3424 stringebat
1156 3359 1260 3410 tramite
1279 3362 1375 3410 metam

371 3438 398 3501 2)
415 3441 481 3492 Aen.
514 3437 576 3490 307:
711 3439 954 3503 caelatamque
976 3444 1123 3506 argento
1140 3442 1209 3492 ferre
1227 3441 1412 3507 bipennem

631 3519 796 3572 Omnibus
818 3521 861 3570 hic
879 3521 929 3572 erit
946 3537 1013 3572 unus
1030 3523 1122 3573 honos.

417 3604 462 3656 Sil.
488 3601 550 3654 446:
625 3604 678 3654 Par
699 3602 797 3653 donum
815 3603 898 3654 solido
916 3609 1064 3670 argento
1090 3606 1412 3674 caelatabipennis

630 3684 795 3736 Omnibus

371 3768 397 3834 3)
415 3770 482 3822 Aen,
512 3766 574 3820 291:
624 3770 684 3833 Hic,
702 3769 748 3835 qui
765 3769 833 3820 torte
851 3770 934 3822 velint
951 3770 1044 3838 rapido
1062 3771 1218 3824 contendere
1236 3789 1321 3836 cursu,

533 3911 537 3918 ,
625 3852 724 3903 Invitat
742 3852 834 3918 pretiis
850 3853 960 3916 animos,
980 3858 1005 3905 et
1023 3854 1141 3920 praemia
1158 3855 1240 3920 ponit.

416 3936 460 3987 Sil.
489 3932 552 3985 458:
624 3935 673 3986 His
691 3935 757 3986 actis
774 3934 868 3986 ductor
885 3937 956 3988 laeta
973 3936 1008 3988 ad
1026 3938 1170 3989 certamina
1188 3926 1295 4004 plantae

623 4017 722 4069 Invitat
740 4018 884 4084 positisque
902 4020 1022 4071 accendit
1038 4024 1146 4087 pectora
1163 4020 1245 4072 donis.

369 4096 396 4160 4)
414 4097 480 4149 Aen.
511 4094 572 4149 137:
624 4099 995 4169 Intentiexpectantsignum,
1013 4103 1306 4170 exsultantiaque
1323 4106 1411 4156 haurit
1465 4091 1468 4100 ,

625 4182 728 4236 Corda
740 4200 824 4250 pavor
836 4187 981 4252 pulsans
997 4186 1158 4252 laudumque
1174 4192 1302 4240 arrecta
1314 4190 1410 4256 cupido

413 4265 460 4318 sn.
483 4262 545 4317 479:
622 4266 674 4327 Qui
691 4271 832 4334 postquam
849 4271 981 4321 arrecti
998 4270 1097 4338 plantis
1114 4272 1140 4321 et
1158 4272 1265 4337 pectora
1282 4273 1359 4337 proni
