3244 4996
764 375 970 435 ...12-

372 558 439 610 Aen.
457 557 524 609 VIII
541 555 586 611 61:
605 595 734 610 ......
752 557 818 608 mihi
834 557 919 610 victor
934 559 1098 610 honorem

602 641 794 695 Persolvos.
828 641 897 709 Ego
922 657 1089 696 summ..

346 793 347 796 Ἴ
372 724 417 777 Sil.
435 724 474 776 IV
491 721 552 776 738:
603 724 685 776 Nobis
702 725 887 792 persolves
904 725 1011 776 meritos
1029 740 1135 777 securus
1153 725 1274 788 honores,

527 811 534 824 '
602 807 724 874 Namque
748 824 809 876 ego
834 823 1001 860 sum....

404 939 461 1004 VI.
489 939 586 1025 Apud
612 939 789 1023 Vergilium
816 938 943 1004 Aeneas
970 941 1151 1004 vulneratus
1178 939 1211 1002 in
1238 945 1342 1004 castra
1371 941 1412 1005 ab

321 1039 457 1104 Ascanio
479 1040 610 1122 aliisque
631 1039 762 1103 ducibus
783 1039 942 1104 reducitur
965 1039 1071 1122 ibique
1093 1061 1112 1103 a
1133 1039 1253 1114 medico
1275 1046 1412 1104 sanatur.

321 1139 415 1204 Hanc
428 1139 578 1204 Aeneidis
600 1162 746 1205 scaenam
762 1139 856 1204 Silius
869 1147 1031 1204 mutuatus
1053 1145 1100 1204 est
1113 1139 1283 1224 Magonem
1304 1141 1412 1224 vulne-

321 1246 425 1306 ratum
448 1240 479 1305 et
500 1240 541 1304 ab
562 1239 741 1305 Hannibale
766 1241 799 1304 in
821 1245 924 1304 castra
945 1239 1108 1304 reductum
1128 1240 1265 1323 fingens;
1290 1261 1352 1325 qua
1379 1241 1412 1304 in

321 1362 356 1406 re
377 1361 459 1426 quae
480 1340 640 1424 Vergilius
661 1340 700 1405 de
720 1340 833 1405 medici
858 1340 1026 1404 virtutibus
1053 1340 1085 1403 in
1110 1339 1290 1404 universum
1313 1340 1411 1422 effert,

322 1440 408 1526 apud
439 1440 550 1504 Silium
585 1463 642 1526 per
672 1446 778 1524 partes
810 1440 966 1526 descripta
998 1439 1198 1504 inveniuntur
1231 1439 1322 1520 (Aen.
1348 1441 1412 1505 VH

322 1543 496 1606 391-404.
514 1579 556 1588 —
576 1541 628 1605 Sil.
644 1541 675 1605 V
691 1539 875 1616 352-368).
907 1541 1018 1604 Silium
1038 1546 1145 1604 antem
1165 1539 1249 1603 hunc
1262 1539 1412 1630 Aeneidis

322 1641 424 1706 locum
445 1641 595 1706 imitando
618 1641 794 1727 exprimere
808 1641 952 1722 voluisse,
972 1641 1010 1704 iis
1023 1641 1101 1705 mihi
1118 1641 1193 1704 satis
1207 1639 1412 1724 demonstrari

321 1741 407 1805 videt
394 1747 455 1823 t,nr
485 1761 567 1824 quae
595 1741 669 1805 dicit
696 1741 734 1805 de
766 1741 946 1815 hostibus
938 1748 1071 1825 rmperat
1072 1762 1140 1804 ores
1168 1740 1286 1804 abeunt
1273 1745 1321 1805 tes
1347 1761 1411 1804 cer-

322 1848 397 1906 nent
384 1842 475 1906 tibus.
517 1841 625 1906 Utitur
653 1842 734 1906 cuim
762 1841 874 1911 iisdem
900 1842 1003 1906 verbis
1031 1840 1266 1926 sententiisque,
1298 1840 1412 1926 quibus
1479 1837 1482 1851 '

321 1943 499 2028 Vergilius:

371 2093 439 2147 Aen.
456 2091 590 2147 X11324:
619 2095 723 2147 Turnus
739 2097 769 2146 ut
786 2094 906 2146 Aeneam
923 2093 1102 2146 cedentem
1119 2109 1159 2146 ex
1176 2093 1312 2161 agmine
1329 2091 1395 2143 vidit

620 2178 852 2244 Turbatosque
870 2177 949 2230 duees
966 2213 1095 2229 ......

618 2261 738 2313 Poseit
761 2276 875 2328 equos.
1377 2303 1380 2308 ,

371 2345 417 2398 Sil
435 2345 459 2396 V
475 2342 538 2396 376:
617 2344 691 2405 Quae
709 2344 773 2395 dnm
789 2343 1092 2395 turbatos-avertunt
1109 2358 1223 2409 aequore
1240 2343 1328 2410 campi

617 2428 748 2480 Ductores
764 2429 890 2494 valloque
907 2429 1005 2489 tenent,
1022 2443 1061 2478 ex
1079 2426 1220 2494 agmine¹
1232 2426 1351 2479 Poenum

521 2509 523 2514 ’
620 2511 807 2564 cedentem
824 2511 916 2564 consul
933 2549 939 2562 .
958 2550 964 2564 .
983 2548 989 2562 .
1006 2549 1012 2562 .
1030 2510 1181 2578 speculatus
1199 2548 1205 2560 .
1223 2550 1254 2564 ..

620 2631 750 2648 ......
768 2591 838 2661 (post
856 2596 981 2660 quattuor
996 2590 1098 2656 versus)
1116 2633 1123 2646 .
1141 2633 1147 2646 .
1165 2633 1172 2646 .
1190 2631 1196 2645 .
1215 2631 1247 2646 ..

620 2677 739 2729 Poscit
763 2693 892 2744 equum.

341 2829 345 2836 ’
405 2809 447 2874 Et
467 2811 504 2874 in
528 2832 631 2894 versu,
657 2811 712 2876 ubi
736 2809 850 2876 medici
874 2810 1023 2876 vestitum
1048 2809 1202 2893 describit,
1226 2809 1410 2895 Vergiliana

243 2977 245 2984 ,
321 2910 388 2976 fere
408 2912 506 2976 verba
526 2912 672 2998 praebet:

371 3061 438 3114 Aen.
456 3062 511 3114 XII
528 3060 591 3116 400·
585 3101 717 3116 ......
722 3056 725 3062 ’
735 3101 841 3117 .....
859 3064 903 3115 ille
920 3065 1056 3116 retorto

611 3147 782 3200 Paeonium
774 3165 808 3199 ιιι
825 3164 949 3200 morem
966 3147 1053 3200 senior
1069 3147 1218 3201 succinctus
1235 3149 1366 3201 amictu

415 3229 466 3300 Sil.
484 3230 509 3281 V
526 3227 617 3283 3672.
636 3231 814 3284 .intortos
832 3231 870 3284 de
884 3248 975 3284 more
992 3231 1133 3284 adstrictus
1150 3233 1306 3286 amiotus.

404 3362 476 3427 VII.
491 3362 731 3432 Hannibalemt
718 3369 766 3428 ter
779 3363 895 3428 frustra
908 3363 1043 3428 Romam
1058 3384 1241 3449 expugnare
1256 3369 1414 3446 conatum
1529 3367 1530 3370 ’

320 3470 369 3528 ιιι
389 3469 559 3549 ttaempest
512 3463 724 3529 bateaJove
751 3464 846 3530 missa
872 3464 1036 3549 depulsum
1063 3464 1147 3529 Juno
1174 3470 1288 3547 movet,
1315 3465 1411 3530 utab

321 3564 399 3628 mbo
412 3563 547 3628 recedat
568 3564 734 3630 Rationem
736 3587 823 3651 ,qua
837 3565 918 3630 hano
933 3566 1078 3634 carminis
1092 3571 1214 3651 partem
1229 3565 1411 3652 composuit,

321 3664 416 3728 Silius
443 3669 542 3728 totam
569 3663 662 3730 debet
682 3666 836 3750 Vergilio,
868 3667 921 3752 qui
954 3665 1061 3730 eodem
1093 3666 1184 3731 modo
1211 3666 1354 3731 Aeneam
1379 3665 1412 3728 in

321 3764 434 3829 Troiae
456 3766 689 3850 expugnatione
710 3786 780 3830 cum
797 3766 927 3831 Graecis
948 3773 1142 3853 pugnantem
1163 3788 1181 3831 ι
1203 3767 1371 3833 certamine
1393 3789 1412 3830 a
1437 3799 1438 3802 ι

321 3864 446 3929 Venere
467 3864 581 3930 deduci
600 3866 698 3945 fingit
730 3865 827 3954 Apud
847 3873 1013 3952 utrumque
1039 3866 1098 3931 dea
1123 3890 1184 3934 non
1204 3874 1292 3933 muta
1293 3873 1337 3950 ta,
1293 3865 1413 3931 tscd

322 3985 379 4028 sua
400 3964 500 4030 forma
521 3988 580 4030 usa
601 3965 667 4031 adit
688 3966 799 4032 ducem

371 4115 439 4169 Aen.
456 4117 484 4168 H
505 4112 568 4170 591:
586 4156 593 4169 .
612 4154 618 4168 .
637 4156 643 4168 .
660 4117 780 4171 confessa
797 4117 875 4178 deam
893 4119 1031 4185 qualisque
1048 4119 1133 4173 videri

586 4200 725 4254 caelicolis
743 4204 768 4253 ιι
787 4204 886 4274 quanta
904 4203 970 4254 solet

372 4282 418 4340 Sil.
433 4283 488 4338 XII
504 4281 568 4341 705:
586 4320 593 4336 ·
611 4323 617 4337 .
635 4291 750 4356 veroque
767 4285 891 4356 apparuit
909 4302 954 4342 oro
